%% This BibTeX bibliography file was created using BibDesk.
%% https://bibdesk.sourceforge.io/

%% Created for Elisa Kreiss at 2019-08-09 18:46:10 -0700 


%% Saved with string encoding Unicode (UTF-8) 



@inproceedings{Serrano:2019,
	Author = {Serrano, Sofia and Smith, Noah A},
	Booktitle = {Proceedings of the 57th Annual Meeting of the Association for Computational Linguistics},
	Date-Added = {2019-08-10 01:18:45 +0000},
	Date-Modified = {2019-08-10 01:18:45 +0000},
	Pages = {2931--2951},
	Title = {Is attention interpretable?},
	Year = {2019},
	Bdsk-File-1 = {YnBsaXN0MDDUAQIDBAUGJCVYJHZlcnNpb25YJG9iamVjdHNZJGFyY2hpdmVyVCR0b3ASAAGGoKgHCBMUFRYaIVUkbnVsbNMJCgsMDxJXTlMua2V5c1pOUy5vYmplY3RzViRjbGFzc6INDoACgAOiEBGABIAFgAdccmVsYXRpdmVQYXRoWWFsaWFzRGF0YV8QUi4uLy4uLy4uLy4uL2xpYnJhcnkvZmlsZXMvU2VycmFuby9TZXJyYW5vICgyMDE5KSAtIElzIGF0dGVudGlvbiBpbnRlcnByZXRhYmxlPy5wZGbSFwsYGVdOUy5kYXRhTxECGAAAAAACGAACAAAMTWFjaW50b3NoIEhEAAAAAAAAAAAAAAAAAAAAAAAAAEJEAAH/////H1NlcnJhbm8gKDIwMTkpIC0gSSNGRkZGRkZGRi5wZGYAAAAAAAAAAAAAAAAAAAAAAAAAAAAAAAAAAAAAAAAAAP////8AAAAAAAAAAAAAAAAABAAEAAAKIGN1AAAAAAAAAAAAAAAAAAdTZXJyYW5vAAACAG0vOlVzZXJzOmVsaXNha3JlaXNzOkRvY3VtZW50czpidXNpbmVzczpsaWJyYXJ5OmZpbGVzOlNlcnJhbm86U2VycmFubyAoMjAxOSkgLSBJcyBhdHRlbnRpb24gaW50ZXJwcmV0YWJsZT8ucGRmAAAOAGIAMABTAGUAcgByAGEAbgBvACAAKAAyADAAMQA5ACkAIAAtACAASQBzACAAYQB0AHQAZQBuAHQAaQBvAG4AIABpAG4AdABlAHIAcAByAGUAdABhAGIAbABlAD8ALgBwAGQAZgAPABoADABNAGEAYwBpAG4AdABvAHMAaAAgAEgARAASAGtVc2Vycy9lbGlzYWtyZWlzcy9Eb2N1bWVudHMvYnVzaW5lc3MvbGlicmFyeS9maWxlcy9TZXJyYW5vL1NlcnJhbm8gKDIwMTkpIC0gSXMgYXR0ZW50aW9uIGludGVycHJldGFibGU/LnBkZgAAEwABLwAAFQACABL//wAAgAbSGxwdHlokY2xhc3NuYW1lWCRjbGFzc2VzXU5TTXV0YWJsZURhdGGjHR8gVk5TRGF0YVhOU09iamVjdNIbHCIjXE5TRGljdGlvbmFyeaIiIF8QD05TS2V5ZWRBcmNoaXZlctEmJ1Ryb290gAEACAARABoAIwAtADIANwBAAEYATQBVAGAAZwBqAGwAbgBxAHMAdQB3AIQAjgDjAOgA8AMMAw4DEwMeAycDNQM5A0ADSQNOA1sDXgNwA3MDeAAAAAAAAAIBAAAAAAAAACgAAAAAAAAAAAAAAAAAAAN6}}

@incollection{Vaswani:2017,
	Author = {Vaswani, Ashish and Shazeer, Noam and Parmar, Niki and Uszkoreit, Jakob and Jones, Llion and Gomez, Aidan N and Kaiser, \L ukasz and Polosukhin, Illia},
	Bdsk-File-1 = {YnBsaXN0MDDSAQIDBFxyZWxhdGl2ZVBhdGhZYWxpYXNEYXRhXxAlLi4vLi4vLi4vbGl0L3Zhc3dhbmkvdmFzd2FuaTIwMTdiLnBkZk8RAagAAAAAAagAAgAADE1hY2ludG9zaCBIRAAAAAAAAAAAAAAAAAAAANK8ZE1IKwAAA9pLUhB2YXN3YW5pMjAxN2IucGRmAAAAAAAAAAAAAAAAAAAAAAAAAAAAAAAAAAAAAAAAAAAAAAAAAAAAAAAAAAAAAAAEMxW32OT1JQAAAAAAAAAAAAMAAwAACSAAAAAAAAAAAAAAAAAAAAAHdmFzd2FuaQAAEAAIAADSvNTNAAAAEQAIAADY5VeVAAAAAQAUA9pLUgCGK3MACWBOAAlgTQAGLKMAAgBGTWFjaW50b3NoIEhEOlVzZXJzOgBjZ3BvdHRzOgBEb2N1bWVudHM6AGxpdDoAdmFzd2FuaToAdmFzd2FuaTIwMTdiLnBkZgAOACIAEAB2AGEAcwB3AGEAbgBpADIAMAAxADcAYgAuAHAAZABmAA8AGgAMAE0AYQBjAGkAbgB0AG8AcwBoACAASABEABIANFVzZXJzL2NncG90dHMvRG9jdW1lbnRzL2xpdC92YXN3YW5pL3Zhc3dhbmkyMDE3Yi5wZGYAEwABLwAAFQACAA7//wAAAAgADQAaACQATAAAAAAAAAIBAAAAAAAAAAUAAAAAAAAAAAAAAAAAAAH4},
	Booktitle = {Advances in Neural Information Processing Systems 30},
	Date-Added = {2019-04-23 17:01:33 -0700},
	Date-Modified = {2019-04-23 17:01:41 -0700},
	Editor = {I. Guyon and U. V. Luxburg and S. Bengio and H. Wallach and R. Fergus and S. Vishwanathan and R. Garnett},
	Pages = {5998--6008},
	Publisher = {Curran Associates, Inc.},
	Title = {Attention is All you Need},
	Url = {http://papers.nips.cc/paper/7181-attention-is-all-you-need.pdf},
	Year = {2017},
	Bdsk-Url-1 = {http://papers.nips.cc/paper/7181-attention-is-all-you-need.pdf}}

@article{rumelhart1986learning,
	Author = {Rumelhart, David E and McClelland, James L},
	Date-Added = {2019-08-09 19:21:39 +0000},
	Date-Modified = {2019-08-09 19:21:39 +0000},
	Publisher = {Cambridge, MA: MIT Press},
	Title = {On learning the past tenses of English verbs},
	Year = {1986}}

@book{tesar2000learnability,
	Author = {Tesar, Bruce and Smolensky, Paul},
	Date-Added = {2019-08-09 19:21:39 +0000},
	Date-Modified = {2019-08-09 19:21:39 +0000},
	Publisher = {Mit Press},
	Title = {Learnability in optimality theory},
	Year = {2000}}

@article{pater2019generative,
	Author = {Pater, Joe},
	Date-Added = {2019-08-09 17:27:00 +0000},
	Date-Modified = {2019-08-09 17:27:16 +0000},
	Journal = {Language},
	Publisher = {Linguistic Society of America},
	Read = {1},
	Title = {Generative linguistics and neural networks at 60: Foundation, friction, and fusion},
	Year = {2019},
	Bdsk-File-1 = {YnBsaXN0MDDUAQIDBAUGJCVYJHZlcnNpb25YJG9iamVjdHNZJGFyY2hpdmVyVCR0b3ASAAGGoKgHCBMUFRYaIVUkbnVsbNMJCgsMDxJXTlMua2V5c1pOUy5vYmplY3RzViRjbGFzc6INDoACgAOiEBGABIAFgAdccmVsYXRpdmVQYXRoWWFsaWFzRGF0YV8QhC4uLy4uLy4uLy4uL2xpYnJhcnkvZmlsZXMvUGF0ZXIvUGF0ZXIgKDIwMTkpIC0gR2VuZXJhdGl2ZSBsaW5ndWlzdGljcyBhbmQgbmV1cmFsIG5ldHdvcmtzIGF0IDYwIEZvdW5kYXRpb24sIGZyaWN0aW9uLCBhbmQgZnVzaW9uLnBkZtIXCxgZV05TLmRhdGFPEQLiAAAAAALiAAIAAAxNYWNpbnRvc2ggSEQAAAAAAAAAAAAAAAAAAAAAAAAAQkQAAf////8fUGF0ZXIgKDIwMTkpIC0gR2VuI0ZGRkZGRkZGLnBkZgAAAAAAAAAAAAAAAAAAAAAAAAAAAAAAAAAAAAAAAAAA/////wAAAAAAAAAAAAAAAAAEAAQAAAogY3UAAAAAAAAAAAAAAAAABVBhdGVyAAACAJ8vOlVzZXJzOmVsaXNha3JlaXNzOkRvY3VtZW50czpidXNpbmVzczpsaWJyYXJ5OmZpbGVzOlBhdGVyOlBhdGVyICgyMDE5KSAtIEdlbmVyYXRpdmUgbGluZ3Vpc3RpY3MgYW5kIG5ldXJhbCBuZXR3b3JrcyBhdCA2MCBGb3VuZGF0aW9uLCBmcmljdGlvbiwgYW5kIGZ1c2lvbi5wZGYAAA4AygBkAFAAYQB0AGUAcgAgACgAMgAwADEAOQApACAALQAgAEcAZQBuAGUAcgBhAHQAaQB2AGUAIABsAGkAbgBnAHUAaQBzAHQAaQBjAHMAIABhAG4AZAAgAG4AZQB1AHIAYQBsACAAbgBlAHQAdwBvAHIAawBzACAAYQB0ACAANgAwACAARgBvAHUAbgBkAGEAdABpAG8AbgAsACAAZgByAGkAYwB0AGkAbwBuACwAIABhAG4AZAAgAGYAdQBzAGkAbwBuAC4AcABkAGYADwAaAAwATQBhAGMAaQBuAHQAbwBzAGgAIABIAEQAEgCdVXNlcnMvZWxpc2FrcmVpc3MvRG9jdW1lbnRzL2J1c2luZXNzL2xpYnJhcnkvZmlsZXMvUGF0ZXIvUGF0ZXIgKDIwMTkpIC0gR2VuZXJhdGl2ZSBsaW5ndWlzdGljcyBhbmQgbmV1cmFsIG5ldHdvcmtzIGF0IDYwIEZvdW5kYXRpb24sIGZyaWN0aW9uLCBhbmQgZnVzaW9uLnBkZgAAEwABLwAAFQACABL//wAAgAbSGxwdHlokY2xhc3NuYW1lWCRjbGFzc2VzXU5TTXV0YWJsZURhdGGjHR8gVk5TRGF0YVhOU09iamVjdNIbHCIjXE5TRGljdGlvbmFyeaIiIF8QD05TS2V5ZWRBcmNoaXZlctEmJ1Ryb290gAEACAARABoAIwAtADIANwBAAEYATQBVAGAAZwBqAGwAbgBxAHMAdQB3AIQAjgEVARoBIgQIBAoEDwQaBCMEMQQ1BDwERQRKBFcEWgRsBG8EdAAAAAAAAAIBAAAAAAAAACgAAAAAAAAAAAAAAAAAAAR2}}

@book{brown1987politeness,
	Author = {Brown, Penelope and Levinson, Stephen C and Levinson, Stephen C},
	Date-Added = {2019-08-09 02:39:46 +0000},
	Date-Modified = {2019-08-09 02:39:47 +0000},
	Publisher = {Cambridge university press},
	Read = {1},
	Title = {Politeness: Some universals in language usage},
	Volume = {4},
	Year = {1987}}

@article{prince1982hedging,
	Author = {Prince, Ellen F and Frader, Joel and Bosk, Charles and others},
	Date-Added = {2019-08-09 02:38:09 +0000},
	Date-Modified = {2019-08-09 02:38:11 +0000},
	Journal = {Linguistics and the Professions},
	Number = {1},
	Pages = {83--97},
	Publisher = {Norwood, NJ: Ablex},
	Read = {1},
	Title = {On hedging in physician-physician discourse},
	Volume = {8},
	Year = {1982},
	Bdsk-File-1 = {YnBsaXN0MDDUAQIDBAUGJCVYJHZlcnNpb25YJG9iamVjdHNZJGFyY2hpdmVyVCR0b3ASAAGGoKgHCBMUFRYaIVUkbnVsbNMJCgsMDxJXTlMua2V5c1pOUy5vYmplY3RzViRjbGFzc6INDoACgAOiEBGABIAFgAdccmVsYXRpdmVQYXRoWWFsaWFzRGF0YV8QYC4uLy4uLy4uLy4uL2xpYnJhcnkvZmlsZXMvUHJpbmNlL1ByaW5jZSAoMTk4MikgLSBPbiBoZWRnaW5nIGluIHBoeXNpY2lhbi1waHlzaWNpYW4gZGlzY291cnNlLnBkZtIXCxgZV05TLmRhdGFPEQJQAAAAAAJQAAIAAAxNYWNpbnRvc2ggSEQAAAAAAAAAAAAAAAAAAAAAAAAAQkQAAf////8fUHJpbmNlICgxOTgyKSAtIE9uI0ZGRkZGRkZGLnBkZgAAAAAAAAAAAAAAAAAAAAAAAAAAAAAAAAAAAAAAAAAA/////wAAAAAAAAAAAAAAAAAEAAQAAAogY3UAAAAAAAAAAAAAAAAABlByaW5jZQACAHsvOlVzZXJzOmVsaXNha3JlaXNzOkRvY3VtZW50czpidXNpbmVzczpsaWJyYXJ5OmZpbGVzOlByaW5jZTpQcmluY2UgKDE5ODIpIC0gT24gaGVkZ2luZyBpbiBwaHlzaWNpYW4tcGh5c2ljaWFuIGRpc2NvdXJzZS5wZGYAAA4AgAA/AFAAcgBpAG4AYwBlACAAKAAxADkAOAAyACkAIAAtACAATwBuACAAaABlAGQAZwBpAG4AZwAgAGkAbgAgAHAAaAB5AHMAaQBjAGkAYQBuAC0AcABoAHkAcwBpAGMAaQBhAG4AIABkAGkAcwBjAG8AdQByAHMAZQAuAHAAZABmAA8AGgAMAE0AYQBjAGkAbgB0AG8AcwBoACAASABEABIAeVVzZXJzL2VsaXNha3JlaXNzL0RvY3VtZW50cy9idXNpbmVzcy9saWJyYXJ5L2ZpbGVzL1ByaW5jZS9QcmluY2UgKDE5ODIpIC0gT24gaGVkZ2luZyBpbiBwaHlzaWNpYW4tcGh5c2ljaWFuIGRpc2NvdXJzZS5wZGYAABMAAS8AABUAAgAS//8AAIAG0hscHR5aJGNsYXNzbmFtZVgkY2xhc3Nlc11OU011dGFibGVEYXRhox0fIFZOU0RhdGFYTlNPYmplY3TSGxwiI1xOU0RpY3Rpb25hcnmiIiBfEA9OU0tleWVkQXJjaGl2ZXLRJidUcm9vdIABAAgAEQAaACMALQAyADcAQABGAE0AVQBgAGcAagBsAG4AcQBzAHUAdwCEAI4A8QD2AP4DUgNUA1kDZANtA3sDfwOGA48DlAOhA6QDtgO5A74AAAAAAAACAQAAAAAAAAAoAAAAAAAAAAAAAAAAAAADwA==}}

@incollection{lakoff1972hedges,
	Author = {Lakoff, George},
	Booktitle = {Papers from the Eighth Regional Meeting of the Chicago Linguistic Society},
	Date-Added = {2019-08-09 02:34:06 +0000},
	Date-Modified = {2019-08-09 02:35:19 +0000},
	Note = {Reprinted in Journal of Philosophical Logic, 1973, 2: 4, 458--508, and in D. Hockney et al. (eds.). Contemporary research in philosophical logic and linguistic semantics. Dodrecht: Fortis, 221--271.},
	Pages = {183--228},
	Title = {Hedges: A study in meaning criteria and the logic of fuzzy concepts},
	Year = {1972}}

@article{fraser2010pragmatic,
	Author = {Fraser, Bruce},
	Date-Added = {2019-08-09 01:26:26 +0000},
	Date-Modified = {2019-08-09 01:26:27 +0000},
	Journal = {New approaches to hedging},
	Number = {1},
	Pages = {15--34},
	Publisher = {Emerald Bingley},
	Read = {1},
	Title = {Pragmatic competence: The case of hedging},
	Volume = {1},
	Year = {2010},
	Bdsk-File-1 = {YnBsaXN0MDDUAQIDBAUGJCVYJHZlcnNpb25YJG9iamVjdHNZJGFyY2hpdmVyVCR0b3ASAAGGoKgHCBMUFRYaIVUkbnVsbNMJCgsMDxJXTlMua2V5c1pOUy5vYmplY3RzViRjbGFzc6INDoACgAOiEBGABIAFgAdccmVsYXRpdmVQYXRoWWFsaWFzRGF0YV8QXS4uLy4uLy4uLy4uL2xpYnJhcnkvZmlsZXMvRnJhc2VyL0ZyYXNlciAoMjAxMCkgLSBQcmFnbWF0aWMgY29tcGV0ZW5jZSBUaGUgY2FzZSBvZiBoZWRnaW5nLnBkZtIXCxgZV05TLmRhdGFPEQJCAAAAAAJCAAIAAAxNYWNpbnRvc2ggSEQAAAAAAAAAAAAAAAAAAAAAAAAAQkQAAf////8fRnJhc2VyICgyMDEwKSAtIFByI0ZGRkZGRkZGLnBkZgAAAAAAAAAAAAAAAAAAAAAAAAAAAAAAAAAAAAAAAAAA/////wAAAAAAAAAAAAAAAAAEAAQAAAogY3UAAAAAAAAAAAAAAAAABkZyYXNlcgACAHgvOlVzZXJzOmVsaXNha3JlaXNzOkRvY3VtZW50czpidXNpbmVzczpsaWJyYXJ5OmZpbGVzOkZyYXNlcjpGcmFzZXIgKDIwMTApIC0gUHJhZ21hdGljIGNvbXBldGVuY2UgVGhlIGNhc2Ugb2YgaGVkZ2luZy5wZGYADgB6ADwARgByAGEAcwBlAHIAIAAoADIAMAAxADAAKQAgAC0AIABQAHIAYQBnAG0AYQB0AGkAYwAgAGMAbwBtAHAAZQB0AGUAbgBjAGUAIABUAGgAZQAgAGMAYQBzAGUAIABvAGYAIABoAGUAZABnAGkAbgBnAC4AcABkAGYADwAaAAwATQBhAGMAaQBuAHQAbwBzAGgAIABIAEQAEgB2VXNlcnMvZWxpc2FrcmVpc3MvRG9jdW1lbnRzL2J1c2luZXNzL2xpYnJhcnkvZmlsZXMvRnJhc2VyL0ZyYXNlciAoMjAxMCkgLSBQcmFnbWF0aWMgY29tcGV0ZW5jZSBUaGUgY2FzZSBvZiBoZWRnaW5nLnBkZgATAAEvAAAVAAIAEv//AACABtIbHB0eWiRjbGFzc25hbWVYJGNsYXNzZXNdTlNNdXRhYmxlRGF0YaMdHyBWTlNEYXRhWE5TT2JqZWN00hscIiNcTlNEaWN0aW9uYXJ5oiIgXxAPTlNLZXllZEFyY2hpdmVy0SYnVHJvb3SAAQAIABEAGgAjAC0AMgA3AEAARgBNAFUAYABnAGoAbABuAHEAcwB1AHcAhACOAO4A8wD7A0EDQwNIA1MDXANqA24DdQN+A4MDkAOTA6UDqAOtAAAAAAAAAgEAAAAAAAAAKAAAAAAAAAAAAAAAAAAAA68=}}

@article{jensen2008scientific,
	Author = {Jensen, Jakob D},
	Date-Added = {2019-08-09 01:25:24 +0000},
	Date-Modified = {2019-08-09 01:25:39 +0000},
	Journal = {Human communication research},
	Number = {3},
	Pages = {347--369},
	Publisher = {Oxford University Press Oxford, UK},
	Read = {1},
	Title = {Scientific uncertainty in news coverage of cancer research: Effects of hedging on scientists' and journalists' credibility},
	Volume = {34},
	Year = {2008},
	Bdsk-File-1 = {YnBsaXN0MDDUAQIDBAUGJCVYJHZlcnNpb25YJG9iamVjdHNZJGFyY2hpdmVyVCR0b3ASAAGGoKgHCBMUFRYaIVUkbnVsbNMJCgsMDxJXTlMua2V5c1pOUy5vYmplY3RzViRjbGFzc6INDoACgAOiEBGABIAFgAdccmVsYXRpdmVQYXRoWWFsaWFzRGF0YW8QrgAuAC4ALwAuAC4ALwAuAC4ALwAuAC4ALwBsAGkAYgByAGEAcgB5AC8AZgBpAGwAZQBzAC8ASgBlAG4AcwBlAG4ALwBKAGUAbgBzAGUAbgAgACgAMgAwADAAOAApACAALQAgAFMAYwBpAGUAbgB0AGkAZgBpAGMAIAB1AG4AYwBlAHIAdABhAGkAbgB0AHkAIABpAG4AIABuAGUAdwBzACAAYwBvAHYAZQByAGEAZwBlACAAbwBmACAAYwBhAG4AYwBlAHIAIAByAGUAcwBlAGEAcgBjAGgAIABFAGYAZgBlAGMAdABzACAAbwBmACAAaABlAGQAZwBpAG4AZwAgAG8AbgAgAHMAYwBpAGUAbgB0AGkAcwB0AHMgGQAgAGEAbgBkACAAagBvAHUAcgBuAGEAbABpAHMAdABzIBkAIABjAHIAZQBkAGkAYgBpAGwAaQB0AHkALgBwAGQAZtIXCxgZV05TLmRhdGFPEQOQAAAAAAOQAAIAAAxNYWNpbnRvc2ggSEQAAAAAAAAAAAAAAAAAAAAAAAAAQkQAAf////8fSmVuc2VuICgyMDA4KSAtIFNjI0ZGRkZGRkZGLnBkZgAAAAAAAAAAAAAAAAAAAAAAAAAAAAAAAAAAAAAAAAAA/////wAAAAAAAAAAAAAAAAAEAAQAAAogY3UAAAAAAAAAAAAAAAAABkplbnNlbgACAM0vOlVzZXJzOmVsaXNha3JlaXNzOkRvY3VtZW50czpidXNpbmVzczpsaWJyYXJ5OmZpbGVzOkplbnNlbjpKZW5zZW4gKDIwMDgpIC0gU2NpZW50aWZpYyB1bmNlcnRhaW50eSBpbiBuZXdzIGNvdmVyYWdlIG9mIGNhbmNlciByZXNlYXJjaCBFZmZlY3RzIG9mIGhlZGdpbmcgb24gc2NpZW50aXN0c+KAmSBhbmQgam91cm5hbGlzdHPigJkgY3JlZGliaWxpdHkucGRmAAAOARwAjQBKAGUAbgBzAGUAbgAgACgAMgAwADAAOAApACAALQAgAFMAYwBpAGUAbgB0AGkAZgBpAGMAIAB1AG4AYwBlAHIAdABhAGkAbgB0AHkAIABpAG4AIABuAGUAdwBzACAAYwBvAHYAZQByAGEAZwBlACAAbwBmACAAYwBhAG4AYwBlAHIAIAByAGUAcwBlAGEAcgBjAGgAIABFAGYAZgBlAGMAdABzACAAbwBmACAAaABlAGQAZwBpAG4AZwAgAG8AbgAgAHMAYwBpAGUAbgB0AGkAcwB0AHMgGQAgAGEAbgBkACAAagBvAHUAcgBuAGEAbABpAHMAdABzIBkAIABjAHIAZQBkAGkAYgBpAGwAaQB0AHkALgBwAGQAZgAPABoADABNAGEAYwBpAG4AdABvAHMAaAAgAEgARAASAMtVc2Vycy9lbGlzYWtyZWlzcy9Eb2N1bWVudHMvYnVzaW5lc3MvbGlicmFyeS9maWxlcy9KZW5zZW4vSmVuc2VuICgyMDA4KSAtIFNjaWVudGlmaWMgdW5jZXJ0YWludHkgaW4gbmV3cyBjb3ZlcmFnZSBvZiBjYW5jZXIgcmVzZWFyY2ggRWZmZWN0cyBvZiBoZWRnaW5nIG9uIHNjaWVudGlzdHPigJkgYW5kIGpvdXJuYWxpc3Rz4oCZIGNyZWRpYmlsaXR5LnBkZgAAEwABLwAAFQACABL//wAAgAbSGxwdHlokY2xhc3NuYW1lWCRjbGFzc2VzXU5TTXV0YWJsZURhdGGjHR8gVk5TRGF0YVhOU09iamVjdNIbHCIjXE5TRGljdGlvbmFyeaIiIF8QD05TS2V5ZWRBcmNoaXZlctEmJ1Ryb290gAEACAARABoAIwAtADIANwBAAEYATQBVAGAAZwBqAGwAbgBxAHMAdQB3AIQAjgHtAfIB+gWOBZAFlQWgBakFtwW7BcIFywXQBd0F4AXyBfUF+gAAAAAAAAIBAAAAAAAAACgAAAAAAAAAAAAAAAAAAAX8}}

@article{durik2008effects,
	Author = {Durik, Amanda M and Britt, M Anne and Reynolds, Rebecca and Storey, Jennifer},
	Date-Added = {2019-08-09 01:24:27 +0000},
	Date-Modified = {2019-08-09 01:24:31 +0000},
	Journal = {Journal of Language and Social Psychology},
	Number = {3},
	Pages = {217--234},
	Publisher = {Sage Publications Sage CA: Los Angeles, CA},
	Read = {1},
	Title = {The effects of hedges in persuasive arguments: A nuanced analysis of language},
	Volume = {27},
	Year = {2008},
	Bdsk-File-1 = {YnBsaXN0MDDUAQIDBAUGJCVYJHZlcnNpb25YJG9iamVjdHNZJGFyY2hpdmVyVCR0b3ASAAGGoKgHCBMUFRYaIVUkbnVsbNMJCgsMDxJXTlMua2V5c1pOUy5vYmplY3RzViRjbGFzc6INDoACgAOiEBGABIAFgAdccmVsYXRpdmVQYXRoWWFsaWFzRGF0YV8Qfy4uLy4uLy4uLy4uL2xpYnJhcnkvZmlsZXMvRHVyaWsvRHVyaWsgKDIwMDgpIC0gVGhlIGVmZmVjdHMgb2YgaGVkZ2VzIGluIHBlcnN1YXNpdmUgYXJndW1lbnRzIEEgbnVhbmNlZCBhbmFseXNpcyBvZiBsYW5ndWFnZS5wZGbSFwsYGVdOUy5kYXRhTxECzAAAAAACzAACAAAMTWFjaW50b3NoIEhEAAAAAAAAAAAAAAAAAAAAAAAAAEJEAAH/////H0R1cmlrICgyMDA4KSAtIFRoZSNGRkZGRkZGRi5wZGYAAAAAAAAAAAAAAAAAAAAAAAAAAAAAAAAAAAAAAAAAAP////8AAAAAAAAAAAAAAAAABAAEAAAKIGN1AAAAAAAAAAAAAAAAAAVEdXJpawAAAgCaLzpVc2VyczplbGlzYWtyZWlzczpEb2N1bWVudHM6YnVzaW5lc3M6bGlicmFyeTpmaWxlczpEdXJpazpEdXJpayAoMjAwOCkgLSBUaGUgZWZmZWN0cyBvZiBoZWRnZXMgaW4gcGVyc3Vhc2l2ZSBhcmd1bWVudHMgQSBudWFuY2VkIGFuYWx5c2lzIG9mIGxhbmd1YWdlLnBkZgAOAMAAXwBEAHUAcgBpAGsAIAAoADIAMAAwADgAKQAgAC0AIABUAGgAZQAgAGUAZgBmAGUAYwB0AHMAIABvAGYAIABoAGUAZABnAGUAcwAgAGkAbgAgAHAAZQByAHMAdQBhAHMAaQB2AGUAIABhAHIAZwB1AG0AZQBuAHQAcwAgAEEAIABuAHUAYQBuAGMAZQBkACAAYQBuAGEAbAB5AHMAaQBzACAAbwBmACAAbABhAG4AZwB1AGEAZwBlAC4AcABkAGYADwAaAAwATQBhAGMAaQBuAHQAbwBzAGgAIABIAEQAEgCYVXNlcnMvZWxpc2FrcmVpc3MvRG9jdW1lbnRzL2J1c2luZXNzL2xpYnJhcnkvZmlsZXMvRHVyaWsvRHVyaWsgKDIwMDgpIC0gVGhlIGVmZmVjdHMgb2YgaGVkZ2VzIGluIHBlcnN1YXNpdmUgYXJndW1lbnRzIEEgbnVhbmNlZCBhbmFseXNpcyBvZiBsYW5ndWFnZS5wZGYAEwABLwAAFQACABL//wAAgAbSGxwdHlokY2xhc3NuYW1lWCRjbGFzc2VzXU5TTXV0YWJsZURhdGGjHR8gVk5TRGF0YVhOU09iamVjdNIbHCIjXE5TRGljdGlvbmFyeaIiIF8QD05TS2V5ZWRBcmNoaXZlctEmJ1Ryb290gAEACAARABoAIwAtADIANwBAAEYATQBVAGAAZwBqAGwAbgBxAHMAdQB3AIQAjgEQARUBHQPtA+8D9AP/BAgEFgQaBCEEKgQvBDwEPwRRBFQEWQAAAAAAAAIBAAAAAAAAACgAAAAAAAAAAAAAAAAAAARb}}

@article{ferson2015natural,
	Author = {Ferson, Scott and O'Rawe, Jason and Antonenko, Andrei and Siegrist, Jack and Mickley, James and Luhmann, Christian C and Sentz, Kari and Finkel, Adam M},
	Date-Added = {2019-08-09 01:21:18 +0000},
	Date-Modified = {2019-08-09 01:24:26 +0000},
	Journal = {International Journal of Approximate Reasoning},
	Pages = {19--39},
	Publisher = {Elsevier},
	Read = {1},
	Title = {Natural language of uncertainty: numeric hedge words},
	Volume = {57},
	Year = {2015},
	Bdsk-File-1 = {YnBsaXN0MDDUAQIDBAUGJCVYJHZlcnNpb25YJG9iamVjdHNZJGFyY2hpdmVyVCR0b3ASAAGGoKgHCBMUFRYaIVUkbnVsbNMJCgsMDxJXTlMua2V5c1pOUy5vYmplY3RzViRjbGFzc6INDoACgAOiEBGABIAFgAdccmVsYXRpdmVQYXRoWWFsaWFzRGF0YV8QaC4uLy4uLy4uLy4uL2xpYnJhcnkvZmlsZXMvRmVyc29uL0ZlcnNvbiAoMjAxNSkgLSBOYXR1cmFsIGxhbmd1YWdlIG9mIHVuY2VydGFpbnR5IG51bWVyaWMgaGVkZ2Ugd29yZHMucGRm0hcLGBlXTlMuZGF0YU8RAnAAAAAAAnAAAgAADE1hY2ludG9zaCBIRAAAAAAAAAAAAAAAAAAAAAAAAABCRAAB/////x9GZXJzb24gKDIwMTUpIC0gTmEjRkZGRkZGRkYucGRmAAAAAAAAAAAAAAAAAAAAAAAAAAAAAAAAAAAAAAAAAAD/////AAAAAAAAAAAAAAAAAAQABAAACiBjdQAAAAAAAAAAAAAAAAAGRmVyc29uAAIAgy86VXNlcnM6ZWxpc2FrcmVpc3M6RG9jdW1lbnRzOmJ1c2luZXNzOmxpYnJhcnk6ZmlsZXM6RmVyc29uOkZlcnNvbiAoMjAxNSkgLSBOYXR1cmFsIGxhbmd1YWdlIG9mIHVuY2VydGFpbnR5IG51bWVyaWMgaGVkZ2Ugd29yZHMucGRmAAAOAJAARwBGAGUAcgBzAG8AbgAgACgAMgAwADEANQApACAALQAgAE4AYQB0AHUAcgBhAGwAIABsAGEAbgBnAHUAYQBnAGUAIABvAGYAIAB1AG4AYwBlAHIAdABhAGkAbgB0AHkAIABuAHUAbQBlAHIAaQBjACAAaABlAGQAZwBlACAAdwBvAHIAZABzAC4AcABkAGYADwAaAAwATQBhAGMAaQBuAHQAbwBzAGgAIABIAEQAEgCBVXNlcnMvZWxpc2FrcmVpc3MvRG9jdW1lbnRzL2J1c2luZXNzL2xpYnJhcnkvZmlsZXMvRmVyc29uL0ZlcnNvbiAoMjAxNSkgLSBOYXR1cmFsIGxhbmd1YWdlIG9mIHVuY2VydGFpbnR5IG51bWVyaWMgaGVkZ2Ugd29yZHMucGRmAAATAAEvAAAVAAIAEv//AACABtIbHB0eWiRjbGFzc25hbWVYJGNsYXNzZXNdTlNNdXRhYmxlRGF0YaMdHyBWTlNEYXRhWE5TT2JqZWN00hscIiNcTlNEaWN0aW9uYXJ5oiIgXxAPTlNLZXllZEFyY2hpdmVy0SYnVHJvb3SAAQAIABEAGgAjAC0AMgA3AEAARgBNAFUAYABnAGoAbABuAHEAcwB1AHcAhACOAPkA/gEGA3oDfAOBA4wDlQOjA6cDrgO3A7wDyQPMA94D4QPmAAAAAAAAAgEAAAAAAAAAKAAAAAAAAAAAAAAAAAAAA+g=}}

@article{bonnefon2006tactful,
	Author = {Bonnefon, Jean-Fran{\c{c}}ois and Villejoubert, Ga{\"e}lle},
	Date-Added = {2019-08-09 01:02:51 +0000},
	Date-Modified = {2019-08-09 01:02:53 +0000},
	Journal = {Psychological Science},
	Number = {9},
	Pages = {747--751},
	Publisher = {SAGE Publications Sage CA: Los Angeles, CA},
	Read = {1},
	Title = {Tactful or doubtful? Expectations of politeness explain the severity bias in the interpretation of probability phrases},
	Volume = {17},
	Year = {2006},
	Bdsk-File-1 = {YnBsaXN0MDDUAQIDBAUGJCVYJHZlcnNpb25YJG9iamVjdHNZJGFyY2hpdmVyVCR0b3ASAAGGoKgHCBMUFRYaIVUkbnVsbNMJCgsMDxJXTlMua2V5c1pOUy5vYmplY3RzViRjbGFzc6INDoACgAOiEBGABIAFgAdccmVsYXRpdmVQYXRoWWFsaWFzRGF0YV8Qry4uLy4uLy4uLy4uL2xpYnJhcnkvZmlsZXMvQm9ubmVmb24vQm9ubmVmb24gKDIwMDYpIC0gVGFjdGZ1bCBvciBkb3VidGZ1bD8gRXhwZWN0YXRpb25zIG9mIHBvbGl0ZW5lc3MgZXhwbGFpbiB0aGUgc2V2ZXJpdHkgYmlhcyBpbiB0aGUgaW50ZXJwcmV0YXRpb24gb2YgcHJvYmFiaWxpdHkgcGhyYXNlcy5wZGbSFwsYGVdOUy5kYXRhTxEDiAAAAAADiAACAAAMTWFjaW50b3NoIEhEAAAAAAAAAAAAAAAAAAAAAAAAAEJEAAH/////H0Jvbm5lZm9uICgyMDA2KSAtICNGRkZGRkZGRi5wZGYAAAAAAAAAAAAAAAAAAAAAAAAAAAAAAAAAAAAAAAAAAP////8AAAAAAAAAAAAAAAAABAAEAAAKIGN1AAAAAAAAAAAAAAAAAAhCb25uZWZvbgACAMovOlVzZXJzOmVsaXNha3JlaXNzOkRvY3VtZW50czpidXNpbmVzczpsaWJyYXJ5OmZpbGVzOkJvbm5lZm9uOkJvbm5lZm9uICgyMDA2KSAtIFRhY3RmdWwgb3IgZG91YnRmdWw/IEV4cGVjdGF0aW9ucyBvZiBwb2xpdGVuZXNzIGV4cGxhaW4gdGhlIHNldmVyaXR5IGJpYXMgaW4gdGhlIGludGVycHJldGF0aW9uIG9mIHByb2JhYmlsaXR5IHBocmFzZXMucGRmAA4BGgCMAEIAbwBuAG4AZQBmAG8AbgAgACgAMgAwADAANgApACAALQAgAFQAYQBjAHQAZgB1AGwAIABvAHIAIABkAG8AdQBiAHQAZgB1AGwAPwAgAEUAeABwAGUAYwB0AGEAdABpAG8AbgBzACAAbwBmACAAcABvAGwAaQB0AGUAbgBlAHMAcwAgAGUAeABwAGwAYQBpAG4AIAB0AGgAZQAgAHMAZQB2AGUAcgBpAHQAeQAgAGIAaQBhAHMAIABpAG4AIAB0AGgAZQAgAGkAbgB0AGUAcgBwAHIAZQB0AGEAdABpAG8AbgAgAG8AZgAgAHAAcgBvAGIAYQBiAGkAbABpAHQAeQAgAHAAaAByAGEAcwBlAHMALgBwAGQAZgAPABoADABNAGEAYwBpAG4AdABvAHMAaAAgAEgARAASAMhVc2Vycy9lbGlzYWtyZWlzcy9Eb2N1bWVudHMvYnVzaW5lc3MvbGlicmFyeS9maWxlcy9Cb25uZWZvbi9Cb25uZWZvbiAoMjAwNikgLSBUYWN0ZnVsIG9yIGRvdWJ0ZnVsPyBFeHBlY3RhdGlvbnMgb2YgcG9saXRlbmVzcyBleHBsYWluIHRoZSBzZXZlcml0eSBiaWFzIGluIHRoZSBpbnRlcnByZXRhdGlvbiBvZiBwcm9iYWJpbGl0eSBwaHJhc2VzLnBkZgATAAEvAAAVAAIAEv//AACABtIbHB0eWiRjbGFzc25hbWVYJGNsYXNzZXNdTlNNdXRhYmxlRGF0YaMdHyBWTlNEYXRhWE5TT2JqZWN00hscIiNcTlNEaWN0aW9uYXJ5oiIgXxAPTlNLZXllZEFyY2hpdmVy0SYnVHJvb3SAAQAIABEAGgAjAC0AMgA3AEAARgBNAFUAYABnAGoAbABuAHEAcwB1AHcAhACOAUABRQFNBNkE2wTgBOsE9AUCBQYFDQUWBRsFKAUrBT0FQAVFAAAAAAAAAgEAAAAAAAAAKAAAAAAAAAAAAAAAAAAABUc=}}

@inproceedings{virtucio2018predicting,
	Author = {Virtucio, Michael Benedict L and Aborot, Jeffrey A and Abonita, John Kevin C and Avi{\~n}ante, Roxanne S and Copino, Rother Jay B and Neverida, Michelle P and Osiana, Vanesa O and Peramo, Elmer C and Syjuco, Joanna G and Tan, Glenn Brian A},
	Booktitle = {2018 IEEE 42nd Annual Computer Software and Applications Conference (COMPSAC)},
	Date-Added = {2019-08-08 22:01:52 +0000},
	Date-Modified = {2019-08-08 22:01:54 +0000},
	Organization = {IEEE},
	Pages = {130--135},
	Read = {1},
	Title = {Predicting Decisions of the Philippine Supreme Court Using Natural Language Processing and Machine Learning},
	Volume = {2},
	Year = {2018},
	Bdsk-File-1 = {YnBsaXN0MDDUAQIDBAUGJCVYJHZlcnNpb25YJG9iamVjdHNZJGFyY2hpdmVyVCR0b3ASAAGGoKgHCBMUFRYaIVUkbnVsbNMJCgsMDxJXTlMua2V5c1pOUy5vYmplY3RzViRjbGFzc6INDoACgAOiEBGABIAFgAdccmVsYXRpdmVQYXRoWWFsaWFzRGF0YV8QpC4uLy4uLy4uLy4uL2xpYnJhcnkvZmlsZXMvVmlydHVjaW8vVmlydHVjaW8gKDIwMTgpIC0gUHJlZGljdGluZyBEZWNpc2lvbnMgb2YgdGhlIFBoaWxpcHBpbmUgU3VwcmVtZSBDb3VydCBVc2luZyBOYXR1cmFsIExhbmd1YWdlIFByb2Nlc3NpbmcgYW5kIE1hY2hpbmUgTGVhcm5pbmcucGRm0hcLGBlXTlMuZGF0YU8RA14AAAAAA14AAgAADE1hY2ludG9zaCBIRAAAAAAAAAAAAAAAAAAAAAAAAABCRAAB/////x9WaXJ0dWNpbyAoMjAxOCkgLSAjRkZGRkZGRkYucGRmAAAAAAAAAAAAAAAAAAAAAAAAAAAAAAAAAAAAAAAAAAD/////AAAAAAAAAAAAAAAAAAQABAAACiBjdQAAAAAAAAAAAAAAAAAIVmlydHVjaW8AAgC/LzpVc2VyczplbGlzYWtyZWlzczpEb2N1bWVudHM6YnVzaW5lc3M6bGlicmFyeTpmaWxlczpWaXJ0dWNpbzpWaXJ0dWNpbyAoMjAxOCkgLSBQcmVkaWN0aW5nIERlY2lzaW9ucyBvZiB0aGUgUGhpbGlwcGluZSBTdXByZW1lIENvdXJ0IFVzaW5nIE5hdHVyYWwgTGFuZ3VhZ2UgUHJvY2Vzc2luZyBhbmQgTWFjaGluZSBMZWFybmluZy5wZGYAAA4BBACBAFYAaQByAHQAdQBjAGkAbwAgACgAMgAwADEAOAApACAALQAgAFAAcgBlAGQAaQBjAHQAaQBuAGcAIABEAGUAYwBpAHMAaQBvAG4AcwAgAG8AZgAgAHQAaABlACAAUABoAGkAbABpAHAAcABpAG4AZQAgAFMAdQBwAHIAZQBtAGUAIABDAG8AdQByAHQAIABVAHMAaQBuAGcAIABOAGEAdAB1AHIAYQBsACAATABhAG4AZwB1AGEAZwBlACAAUAByAG8AYwBlAHMAcwBpAG4AZwAgAGEAbgBkACAATQBhAGMAaABpAG4AZQAgAEwAZQBhAHIAbgBpAG4AZwAuAHAAZABmAA8AGgAMAE0AYQBjAGkAbgB0AG8AcwBoACAASABEABIAvVVzZXJzL2VsaXNha3JlaXNzL0RvY3VtZW50cy9idXNpbmVzcy9saWJyYXJ5L2ZpbGVzL1ZpcnR1Y2lvL1ZpcnR1Y2lvICgyMDE4KSAtIFByZWRpY3RpbmcgRGVjaXNpb25zIG9mIHRoZSBQaGlsaXBwaW5lIFN1cHJlbWUgQ291cnQgVXNpbmcgTmF0dXJhbCBMYW5ndWFnZSBQcm9jZXNzaW5nIGFuZCBNYWNoaW5lIExlYXJuaW5nLnBkZgAAEwABLwAAFQACABL//wAAgAbSGxwdHlokY2xhc3NuYW1lWCRjbGFzc2VzXU5TTXV0YWJsZURhdGGjHR8gVk5TRGF0YVhOU09iamVjdNIbHCIjXE5TRGljdGlvbmFyeaIiIF8QD05TS2V5ZWRBcmNoaXZlctEmJ1Ryb290gAEACAARABoAIwAtADIANwBAAEYATQBVAGAAZwBqAGwAbgBxAHMAdQB3AIQAjgE1AToBQgSkBKYEqwS2BL8EzQTRBNgE4QTmBPME9gUIBQsFEAAAAAAAAAIBAAAAAAAAACgAAAAAAAAAAAAAAAAAAAUS}}

@inproceedings{kowsrihawat2018predicting,
	Author = {Kowsrihawat, Kankawin and Vateekul, Peerapon and Boonkwan, Prachya},
	Booktitle = {2018 5th Asian Conference on Defense Technology (ACDT)},
	Date-Added = {2019-08-08 22:00:00 +0000},
	Date-Modified = {2019-08-08 22:00:09 +0000},
	Organization = {IEEE},
	Pages = {50--55},
	Read = {1},
	Title = {Predicting judicial decisions of criminal cases from thai supreme court using bi-directional GRU with attention mechanism},
	Year = {2018},
	Bdsk-File-1 = {YnBsaXN0MDDUAQIDBAUGJCVYJHZlcnNpb25YJG9iamVjdHNZJGFyY2hpdmVyVCR0b3ASAAGGoKgHCBMUFRYaIVUkbnVsbNMJCgsMDxJXTlMua2V5c1pOUy5vYmplY3RzViRjbGFzc6INDoACgAOiEBGABIAFgAdccmVsYXRpdmVQYXRoWWFsaWFzRGF0YV8QuC4uLy4uLy4uLy4uL2xpYnJhcnkvZmlsZXMvS293c3JpaGF3YXQvS293c3JpaGF3YXQgKDIwMTgpIC0gUHJlZGljdGluZyBqdWRpY2lhbCBkZWNpc2lvbnMgb2YgY3JpbWluYWwgY2FzZXMgZnJvbSB0aGFpIHN1cHJlbWUgY291cnQgdXNpbmcgYmktZGlyZWN0aW9uYWwgR1JVIHdpdGggYXR0ZW50aW9uIG1lY2hhbmlzbS5wZGbSFwsYGVdOUy5kYXRhTxEDrAAAAAADrAACAAAMTWFjaW50b3NoIEhEAAAAAAAAAAAAAAAAAAAAAAAAAEJEAAH/////H0tvd3NyaWhhd2F0ICgyMDE4KSNGRkZGRkZGRi5wZGYAAAAAAAAAAAAAAAAAAAAAAAAAAAAAAAAAAAAAAAAAAP////8AAAAAAAAAAAAAAAAABAAEAAAKIGN1AAAAAAAAAAAAAAAAAAtLb3dzcmloYXdhdAAAAgDTLzpVc2VyczplbGlzYWtyZWlzczpEb2N1bWVudHM6YnVzaW5lc3M6bGlicmFyeTpmaWxlczpLb3dzcmloYXdhdDpLb3dzcmloYXdhdCAoMjAxOCkgLSBQcmVkaWN0aW5nIGp1ZGljaWFsIGRlY2lzaW9ucyBvZiBjcmltaW5hbCBjYXNlcyBmcm9tIHRoYWkgc3VwcmVtZSBjb3VydCB1c2luZyBiaS1kaXJlY3Rpb25hbCBHUlUgd2l0aCBhdHRlbnRpb24gbWVjaGFuaXNtLnBkZgAADgEmAJIASwBvAHcAcwByAGkAaABhAHcAYQB0ACAAKAAyADAAMQA4ACkAIAAtACAAUAByAGUAZABpAGMAdABpAG4AZwAgAGoAdQBkAGkAYwBpAGEAbAAgAGQAZQBjAGkAcwBpAG8AbgBzACAAbwBmACAAYwByAGkAbQBpAG4AYQBsACAAYwBhAHMAZQBzACAAZgByAG8AbQAgAHQAaABhAGkAIABzAHUAcAByAGUAbQBlACAAYwBvAHUAcgB0ACAAdQBzAGkAbgBnACAAYgBpAC0AZABpAHIAZQBjAHQAaQBvAG4AYQBsACAARwBSAFUAIAB3AGkAdABoACAAYQB0AHQAZQBuAHQAaQBvAG4AIABtAGUAYwBoAGEAbgBpAHMAbQAuAHAAZABmAA8AGgAMAE0AYQBjAGkAbgB0AG8AcwBoACAASABEABIA0VVzZXJzL2VsaXNha3JlaXNzL0RvY3VtZW50cy9idXNpbmVzcy9saWJyYXJ5L2ZpbGVzL0tvd3NyaWhhd2F0L0tvd3NyaWhhd2F0ICgyMDE4KSAtIFByZWRpY3RpbmcganVkaWNpYWwgZGVjaXNpb25zIG9mIGNyaW1pbmFsIGNhc2VzIGZyb20gdGhhaSBzdXByZW1lIGNvdXJ0IHVzaW5nIGJpLWRpcmVjdGlvbmFsIEdSVSB3aXRoIGF0dGVudGlvbiBtZWNoYW5pc20ucGRmAAATAAEvAAAVAAIAEv//AACABtIbHB0eWiRjbGFzc25hbWVYJGNsYXNzZXNdTlNNdXRhYmxlRGF0YaMdHyBWTlNEYXRhWE5TT2JqZWN00hscIiNcTlNEaWN0aW9uYXJ5oiIgXxAPTlNLZXllZEFyY2hpdmVy0SYnVHJvb3SAAQAIABEAGgAjAC0AMgA3AEAARgBNAFUAYABnAGoAbABuAHEAcwB1AHcAhACOAUkBTgFWBQYFCAUNBRgFIQUvBTMFOgVDBUgFVQVYBWoFbQVyAAAAAAAAAgEAAAAAAAAAKAAAAAAAAAAAAAAAAAAABXQ=}}

@article{Sauri09,
	Author = {Roser Saur\'i and James Pustejovsky},
	Date-Modified = {2019-08-08 19:56:40 +0000},
	Journal = {Language Resources and Evaluation},
	Number = {3},
	Pages = {227--268},
	Read = {1},
	Title = {Fact{B}ank: A Corpus Annotated with Event Factuality},
	Volume = {43},
	Year = {2009},
	Bdsk-File-1 = {YnBsaXN0MDDUAQIDBAUGJCVYJHZlcnNpb25YJG9iamVjdHNZJGFyY2hpdmVyVCR0b3ASAAGGoKgHCBMUFRYaIVUkbnVsbNMJCgsMDxJXTlMua2V5c1pOUy5vYmplY3RzViRjbGFzc6INDoACgAOiEBGABIAFgAdccmVsYXRpdmVQYXRoWWFsaWFzRGF0YV8QaC4uLy4uLy4uLy4uL2xpYnJhcnkvZmlsZXMvU2F1clwnaS9TYXVyXCdpICgyMDA5KSAtIEZhY3RCYW5rIEEgQ29ycHVzIEFubm90YXRlZCB3aXRoIEV2ZW50IEZhY3R1YWxpdHkucGRm0hcLGBlXTlMuZGF0YU8RAnAAAAAAAnAAAgAADE1hY2ludG9zaCBIRAAAAAAAAAAAAAAAAAAAAAAAAABCRAAB/////x9TYXVyXCdpICgyMDA5KSAtIEYjRkZGRkZGRkYucGRmAAAAAAAAAAAAAAAAAAAAAAAAAAAAAAAAAAAAAAAAAAD/////AAAAAAAAAAAAAAAAAAQABAAACiBjdQAAAAAAAAAAAAAAAAAHU2F1clwnaQAAAgCDLzpVc2VyczplbGlzYWtyZWlzczpEb2N1bWVudHM6YnVzaW5lc3M6bGlicmFyeTpmaWxlczpTYXVyXCdpOlNhdXJcJ2kgKDIwMDkpIC0gRmFjdEJhbmsgQSBDb3JwdXMgQW5ub3RhdGVkIHdpdGggRXZlbnQgRmFjdHVhbGl0eS5wZGYAAA4AjgBGAFMAYQB1AHIAXAAnAGkAIAAoADIAMAAwADkAKQAgAC0AIABGAGEAYwB0AEIAYQBuAGsAIABBACAAQwBvAHIAcAB1AHMAIABBAG4AbgBvAHQAYQB0AGUAZAAgAHcAaQB0AGgAIABFAHYAZQBuAHQAIABGAGEAYwB0AHUAYQBsAGkAdAB5AC4AcABkAGYADwAaAAwATQBhAGMAaQBuAHQAbwBzAGgAIABIAEQAEgCBVXNlcnMvZWxpc2FrcmVpc3MvRG9jdW1lbnRzL2J1c2luZXNzL2xpYnJhcnkvZmlsZXMvU2F1clwnaS9TYXVyXCdpICgyMDA5KSAtIEZhY3RCYW5rIEEgQ29ycHVzIEFubm90YXRlZCB3aXRoIEV2ZW50IEZhY3R1YWxpdHkucGRmAAATAAEvAAAVAAIAEv//AACABtIbHB0eWiRjbGFzc25hbWVYJGNsYXNzZXNdTlNNdXRhYmxlRGF0YaMdHyBWTlNEYXRhWE5TT2JqZWN00hscIiNcTlNEaWN0aW9uYXJ5oiIgXxAPTlNLZXllZEFyY2hpdmVy0SYnVHJvb3SAAQAIABEAGgAjAC0AMgA3AEAARgBNAFUAYABnAGoAbABuAHEAcwB1AHcAhACOAPkA/gEGA3oDfAOBA4wDlQOjA6cDrgO3A7wDyQPMA94D4QPmAAAAAAAAAgEAAAAAAAAAKAAAAAAAAAAAAAAAAAAAA+g=}}

@inproceedings{rubin:2007:ShortPapers,
	Address = {Rochester, New York},
	Author = {Rubin, Victoria L.},
	Booktitle = {Human Language Technologies 2007: The Conference of the North American Chapter of the Association for Computational Linguistics; Companion Volume, Short Papers},
	Date-Modified = {2019-08-08 19:56:18 +0000},
	Month = {April},
	Pages = {141--144},
	Publisher = {Association for Computational Linguistics},
	Read = {1},
	Title = {Stating with Certainty or Stating with Doubt: Intercoder Reliability Results for Manual Annotation of Epistemically Modalized Statements},
	Year = {2007},
	Bdsk-File-1 = {YnBsaXN0MDDUAQIDBAUGJCVYJHZlcnNpb25YJG9iamVjdHNZJGFyY2hpdmVyVCR0b3ASAAGGoKgHCBMUFRYaIVUkbnVsbNMJCgsMDxJXTlMua2V5c1pOUy5vYmplY3RzViRjbGFzc6INDoACgAOiEBGABIAFgAdccmVsYXRpdmVQYXRoWWFsaWFzRGF0YV8Qui4uLy4uLy4uLy4uL2xpYnJhcnkvZmlsZXMvUnViaW4vUnViaW4gKDIwMDcpIC0gU3RhdGluZyB3aXRoIENlcnRhaW50eSBvciBTdGF0aW5nIHdpdGggRG91YnQgSW50ZXJjb2RlciBSZWxpYWJpbGl0eSBSZXN1bHRzIGZvciBNYW51YWwgQW5ub3RhdGlvbiBvZiBFcGlzdGVtaWNhbGx5IE1vZGFsaXplZCBTdGF0ZW1lbnRzLnBkZtIXCxgZV05TLmRhdGFPEQO6AAAAAAO6AAIAAAxNYWNpbnRvc2ggSEQAAAAAAAAAAAAAAAAAAAAAAAAAQkQAAf////8fUnViaW4gKDIwMDcpIC0gU3RhI0ZGRkZGRkZGLnBkZgAAAAAAAAAAAAAAAAAAAAAAAAAAAAAAAAAAAAAAAAAA/////wAAAAAAAAAAAAAAAAAEAAQAAAogY3UAAAAAAAAAAAAAAAAABVJ1YmluAAACANUvOlVzZXJzOmVsaXNha3JlaXNzOkRvY3VtZW50czpidXNpbmVzczpsaWJyYXJ5OmZpbGVzOlJ1YmluOlJ1YmluICgyMDA3KSAtIFN0YXRpbmcgd2l0aCBDZXJ0YWludHkgb3IgU3RhdGluZyB3aXRoIERvdWJ0IEludGVyY29kZXIgUmVsaWFiaWxpdHkgUmVzdWx0cyBmb3IgTWFudWFsIEFubm90YXRpb24gb2YgRXBpc3RlbWljYWxseSBNb2RhbGl6ZWQgU3RhdGVtZW50cy5wZGYAAA4BNgCaAFIAdQBiAGkAbgAgACgAMgAwADAANwApACAALQAgAFMAdABhAHQAaQBuAGcAIAB3AGkAdABoACAAQwBlAHIAdABhAGkAbgB0AHkAIABvAHIAIABTAHQAYQB0AGkAbgBnACAAdwBpAHQAaAAgAEQAbwB1AGIAdAAgAEkAbgB0AGUAcgBjAG8AZABlAHIAIABSAGUAbABpAGEAYgBpAGwAaQB0AHkAIABSAGUAcwB1AGwAdABzACAAZgBvAHIAIABNAGEAbgB1AGEAbAAgAEEAbgBuAG8AdABhAHQAaQBvAG4AIABvAGYAIABFAHAAaQBzAHQAZQBtAGkAYwBhAGwAbAB5ACAATQBvAGQAYQBsAGkAegBlAGQAIABTAHQAYQB0AGUAbQBlAG4AdABzAC4AcABkAGYADwAaAAwATQBhAGMAaQBuAHQAbwBzAGgAIABIAEQAEgDTVXNlcnMvZWxpc2FrcmVpc3MvRG9jdW1lbnRzL2J1c2luZXNzL2xpYnJhcnkvZmlsZXMvUnViaW4vUnViaW4gKDIwMDcpIC0gU3RhdGluZyB3aXRoIENlcnRhaW50eSBvciBTdGF0aW5nIHdpdGggRG91YnQgSW50ZXJjb2RlciBSZWxpYWJpbGl0eSBSZXN1bHRzIGZvciBNYW51YWwgQW5ub3RhdGlvbiBvZiBFcGlzdGVtaWNhbGx5IE1vZGFsaXplZCBTdGF0ZW1lbnRzLnBkZgAAEwABLwAAFQACABL//wAAgAbSGxwdHlokY2xhc3NuYW1lWCRjbGFzc2VzXU5TTXV0YWJsZURhdGGjHR8gVk5TRGF0YVhOU09iamVjdNIbHCIjXE5TRGljdGlvbmFyeaIiIF8QD05TS2V5ZWRBcmNoaXZlctEmJ1Ryb290gAEACAARABoAIwAtADIANwBAAEYATQBVAGAAZwBqAGwAbgBxAHMAdQB3AIQAjgFLAVABWAUWBRgFHQUoBTEFPwVDBUoFUwVYBWUFaAV6BX0FggAAAAAAAAIBAAAAAAAAACgAAAAAAAAAAAAAAAAAAAWE}}

@incollection{Rubin-etal:2006,
	Author = {Rubin, Victoria and Liddy, Elizabeth and Kando, Noriko},
	Booktitle = {Computing Attitude and Affect in Text: Theory and Applications},
	Date-Modified = {2019-08-08 19:56:28 +0000},
	Editor = {Shanahan, James and Qu, Yan and Wiebe, Janyce and Croft, W. Bruce},
	Pages = {61-76},
	Publisher = {Springer Netherlands},
	Read = {1},
	Series = {The Information Retrieval Series},
	Title = {Certainty Identification in Texts: Categorization Model and Manual Tagging Results},
	Volume = {20},
	Year = {2006},
	Bdsk-File-1 = {YnBsaXN0MDDUAQIDBAUGJCVYJHZlcnNpb25YJG9iamVjdHNZJGFyY2hpdmVyVCR0b3ASAAGGoKgHCBMUFRYaIVUkbnVsbNMJCgsMDxJXTlMua2V5c1pOUy5vYmplY3RzViRjbGFzc6INDoACgAOiEBGABIAFgAdccmVsYXRpdmVQYXRoWWFsaWFzRGF0YV8QhC4uLy4uLy4uLy4uL2xpYnJhcnkvZmlsZXMvUnViaW4vUnViaW4gKDIwMDYpIC0gQ2VydGFpbnR5IElkZW50aWZpY2F0aW9uIGluIFRleHRzIENhdGVnb3JpemF0aW9uIE1vZGVsIGFuZCBNYW51YWwgVGFnZ2luZyBSZXN1bHRzLnBkZtIXCxgZV05TLmRhdGFPEQLiAAAAAALiAAIAAAxNYWNpbnRvc2ggSEQAAAAAAAAAAAAAAAAAAAAAAAAAQkQAAf////8fUnViaW4gKDIwMDYpIC0gQ2VyI0ZGRkZGRkZGLnBkZgAAAAAAAAAAAAAAAAAAAAAAAAAAAAAAAAAAAAAAAAAA/////wAAAAAAAAAAAAAAAAAEAAQAAAogY3UAAAAAAAAAAAAAAAAABVJ1YmluAAACAJ8vOlVzZXJzOmVsaXNha3JlaXNzOkRvY3VtZW50czpidXNpbmVzczpsaWJyYXJ5OmZpbGVzOlJ1YmluOlJ1YmluICgyMDA2KSAtIENlcnRhaW50eSBJZGVudGlmaWNhdGlvbiBpbiBUZXh0cyBDYXRlZ29yaXphdGlvbiBNb2RlbCBhbmQgTWFudWFsIFRhZ2dpbmcgUmVzdWx0cy5wZGYAAA4AygBkAFIAdQBiAGkAbgAgACgAMgAwADAANgApACAALQAgAEMAZQByAHQAYQBpAG4AdAB5ACAASQBkAGUAbgB0AGkAZgBpAGMAYQB0AGkAbwBuACAAaQBuACAAVABlAHgAdABzACAAQwBhAHQAZQBnAG8AcgBpAHoAYQB0AGkAbwBuACAATQBvAGQAZQBsACAAYQBuAGQAIABNAGEAbgB1AGEAbAAgAFQAYQBnAGcAaQBuAGcAIABSAGUAcwB1AGwAdABzAC4AcABkAGYADwAaAAwATQBhAGMAaQBuAHQAbwBzAGgAIABIAEQAEgCdVXNlcnMvZWxpc2FrcmVpc3MvRG9jdW1lbnRzL2J1c2luZXNzL2xpYnJhcnkvZmlsZXMvUnViaW4vUnViaW4gKDIwMDYpIC0gQ2VydGFpbnR5IElkZW50aWZpY2F0aW9uIGluIFRleHRzIENhdGVnb3JpemF0aW9uIE1vZGVsIGFuZCBNYW51YWwgVGFnZ2luZyBSZXN1bHRzLnBkZgAAEwABLwAAFQACABL//wAAgAbSGxwdHlokY2xhc3NuYW1lWCRjbGFzc2VzXU5TTXV0YWJsZURhdGGjHR8gVk5TRGF0YVhOU09iamVjdNIbHCIjXE5TRGljdGlvbmFyeaIiIF8QD05TS2V5ZWRBcmNoaXZlctEmJ1Ryb290gAEACAARABoAIwAtADIANwBAAEYATQBVAGAAZwBqAGwAbgBxAHMAdQB3AIQAjgEVARoBIgQIBAoEDwQaBCMEMQQ1BDwERQRKBFcEWgRsBG8EdAAAAAAAAAIBAAAAAAAAACgAAAAAAAAAAAAAAAAAAAR2}}

@article{deMarneffe:Manning:Potts:2012,
	Author = {de Marneffe, Marie-Catherine and Manning, Christopher D. and Potts, Christopher},
	Date-Modified = {2019-08-08 19:56:01 +0000},
	Journal = {Computational Linguistics},
	Number = {2},
	Pages = {301--333},
	Read = {1},
	Title = {Did it Happen? {T}he Pragmatic Complexity of Veridicality Assessment},
	Volume = {38},
	Year = {2012},
	Bdsk-File-1 = {YnBsaXN0MDDUAQIDBAUGJCVYJHZlcnNpb25YJG9iamVjdHNZJGFyY2hpdmVyVCR0b3ASAAGGoKgHCBMUFRYaIVUkbnVsbNMJCgsMDxJXTlMua2V5c1pOUy5vYmplY3RzViRjbGFzc6INDoACgAOiEBGABIAFgAdccmVsYXRpdmVQYXRoWWFsaWFzRGF0YV8Qey4uLy4uLy4uLy4uL2xpYnJhcnkvZmlsZXMvTWFybmVmZmUvTWFybmVmZmUgKDIwMTIpIC0gRGlkIGl0IEhhcHBlbj8gVGhlIFByYWdtYXRpYyBDb21wbGV4aXR5IG9mIFZlcmlkaWNhbGl0eSBBc3Nlc3NtZW50LnBkZtIXCxgZV05TLmRhdGFPEQK4AAAAAAK4AAIAAAxNYWNpbnRvc2ggSEQAAAAAAAAAAAAAAAAAAAAAAAAAQkQAAf////8fTWFybmVmZmUgKDIwMTIpIC0gI0ZGRkZGRkZGLnBkZgAAAAAAAAAAAAAAAAAAAAAAAAAAAAAAAAAAAAAAAAAA/////wAAAAAAAAAAAAAAAAAEAAQAAAogY3UAAAAAAAAAAAAAAAAACE1hcm5lZmZlAAIAli86VXNlcnM6ZWxpc2FrcmVpc3M6RG9jdW1lbnRzOmJ1c2luZXNzOmxpYnJhcnk6ZmlsZXM6TWFybmVmZmU6TWFybmVmZmUgKDIwMTIpIC0gRGlkIGl0IEhhcHBlbj8gVGhlIFByYWdtYXRpYyBDb21wbGV4aXR5IG9mIFZlcmlkaWNhbGl0eSBBc3Nlc3NtZW50LnBkZgAOALIAWABNAGEAcgBuAGUAZgBmAGUAIAAoADIAMAAxADIAKQAgAC0AIABEAGkAZAAgAGkAdAAgAEgAYQBwAHAAZQBuAD8AIABUAGgAZQAgAFAAcgBhAGcAbQBhAHQAaQBjACAAQwBvAG0AcABsAGUAeABpAHQAeQAgAG8AZgAgAFYAZQByAGkAZABpAGMAYQBsAGkAdAB5ACAAQQBzAHMAZQBzAHMAbQBlAG4AdAAuAHAAZABmAA8AGgAMAE0AYQBjAGkAbgB0AG8AcwBoACAASABEABIAlFVzZXJzL2VsaXNha3JlaXNzL0RvY3VtZW50cy9idXNpbmVzcy9saWJyYXJ5L2ZpbGVzL01hcm5lZmZlL01hcm5lZmZlICgyMDEyKSAtIERpZCBpdCBIYXBwZW4/IFRoZSBQcmFnbWF0aWMgQ29tcGxleGl0eSBvZiBWZXJpZGljYWxpdHkgQXNzZXNzbWVudC5wZGYAEwABLwAAFQACABL//wAAgAbSGxwdHlokY2xhc3NuYW1lWCRjbGFzc2VzXU5TTXV0YWJsZURhdGGjHR8gVk5TRGF0YVhOU09iamVjdNIbHCIjXE5TRGljdGlvbmFyeaIiIF8QD05TS2V5ZWRBcmNoaXZlctEmJ1Ryb290gAEACAARABoAIwAtADIANwBAAEYATQBVAGAAZwBqAGwAbgBxAHMAdQB3AIQAjgEMAREBGQPVA9cD3APnA/AD/gQCBAkEEgQXBCQEJwQ5BDwEQQAAAAAAAAIBAAAAAAAAACgAAAAAAAAAAAAAAAAAAARD}}

@article{Wright:Hosman:1983,
	Author = {Wright, John W and Hosman, Lawrence A},
	Date-Modified = {2019-08-08 16:26:49 +0000},
	Journal = {Southern Journal of Communication},
	Number = {2},
	Pages = {137--152},
	Read = {1},
	Title = {Language Style and Sex Bias in the Courtroom: The Effects of Male and Female use of Hedges and Intensifiers on Impression Information},
	Volume = {48},
	Year = {1983}}

@article{Lind-etal:1978,
	Author = {Lind, E Allan and Erickson, Bonnie E and Conley, John and O'Barr, William M},
	Date-Modified = {2019-08-08 16:26:43 +0000},
	Journal = {Journal of Personality and Social Psychology},
	Number = {12},
	Pages = {1558},
	Read = {1},
	Title = {Social Attributions and Conversation Style in Trial Testimony},
	Volume = {36},
	Year = {1978},
	Bdsk-File-1 = {YnBsaXN0MDDUAQIDBAUGJCVYJHZlcnNpb25YJG9iamVjdHNZJGFyY2hpdmVyVCR0b3ASAAGGoKgHCBMUFRYaIVUkbnVsbNMJCgsMDxJXTlMua2V5c1pOUy5vYmplY3RzViRjbGFzc6INDoACgAOiEBGABIAFgAdccmVsYXRpdmVQYXRoWWFsaWFzRGF0YV8Qbi4uLy4uLy4uLy4uL2xpYnJhcnkvZmlsZXMvTGluZC9MaW5kICgxOTc4KSAtIFNvY2lhbCBBdHRyaWJ1dGlvbnMgYW5kIENvbnZlcnNhdGlvbiBTdHlsZSBpbiBUcmlhbCBUZXN0aW1vbnkucGRm0hcLGBlXTlMuZGF0YU8RAooAAAAAAooAAgAADE1hY2ludG9zaCBIRAAAAAAAAAAAAAAAAAAAAAAAAABCRAAB/////x9MaW5kICgxOTc4KSAtIFNvY2kjRkZGRkZGRkYucGRmAAAAAAAAAAAAAAAAAAAAAAAAAAAAAAAAAAAAAAAAAAD/////AAAAAAAAAAAAAAAAAAQABAAACiBjdQAAAAAAAAAAAAAAAAAETGluZAACAIkvOlVzZXJzOmVsaXNha3JlaXNzOkRvY3VtZW50czpidXNpbmVzczpsaWJyYXJ5OmZpbGVzOkxpbmQ6TGluZCAoMTk3OCkgLSBTb2NpYWwgQXR0cmlidXRpb25zIGFuZCBDb252ZXJzYXRpb24gU3R5bGUgaW4gVHJpYWwgVGVzdGltb255LnBkZgAADgCgAE8ATABpAG4AZAAgACgAMQA5ADcAOAApACAALQAgAFMAbwBjAGkAYQBsACAAQQB0AHQAcgBpAGIAdQB0AGkAbwBuAHMAIABhAG4AZAAgAEMAbwBuAHYAZQByAHMAYQB0AGkAbwBuACAAUwB0AHkAbABlACAAaQBuACAAVAByAGkAYQBsACAAVABlAHMAdABpAG0AbwBuAHkALgBwAGQAZgAPABoADABNAGEAYwBpAG4AdABvAHMAaAAgAEgARAASAIdVc2Vycy9lbGlzYWtyZWlzcy9Eb2N1bWVudHMvYnVzaW5lc3MvbGlicmFyeS9maWxlcy9MaW5kL0xpbmQgKDE5NzgpIC0gU29jaWFsIEF0dHJpYnV0aW9ucyBhbmQgQ29udmVyc2F0aW9uIFN0eWxlIGluIFRyaWFsIFRlc3RpbW9ueS5wZGYAABMAAS8AABUAAgAS//8AAIAG0hscHR5aJGNsYXNzbmFtZVgkY2xhc3Nlc11OU011dGFibGVEYXRhox0fIFZOU0RhdGFYTlNPYmplY3TSGxwiI1xOU0RpY3Rpb25hcnmiIiBfEA9OU0tleWVkQXJjaGl2ZXLRJidUcm9vdIABAAgAEQAaACMALQAyADcAQABGAE0AVQBgAGcAagBsAG4AcQBzAHUAdwCEAI4A/wEEAQwDmgOcA6EDrAO1A8MDxwPOA9cD3APpA+wD/gQBBAYAAAAAAAACAQAAAAAAAAAoAAAAAAAAAAAAAAAAAAAECA==}}

@article{Fausey:Boroditsky:2010,
	Author = {Fausey, Caitlin M and Boroditsky, Lera},
	Date-Modified = {2019-08-08 16:26:37 +0000},
	Journal = {Psychonomic Bulletin \& Review},
	Number = {5},
	Pages = {644--650},
	Read = {1},
	Title = {Subtle Linguistic Cues Influence Perceived Blame and Financial Liability},
	Volume = {17},
	Year = {2010},
	Bdsk-File-1 = {YnBsaXN0MDDUAQIDBAUGJCVYJHZlcnNpb25YJG9iamVjdHNZJGFyY2hpdmVyVCR0b3ASAAGGoKgHCBMUFRYaIVUkbnVsbNMJCgsMDxJXTlMua2V5c1pOUy5vYmplY3RzViRjbGFzc6INDoACgAOiEBGABIAFgAdccmVsYXRpdmVQYXRoWWFsaWFzRGF0YV8QfS4uLy4uLy4uLy4uL2xpYnJhcnkvZmlsZXMvRmF1c2V5L0ZhdXNleSAoMjAxMCkgLSBTdWJ0bGUgTGluZ3Vpc3RpYyBDdWVzIEluZmx1ZW5jZSBQZXJjZWl2ZWQgQmxhbWUgYW5kIEZpbmFuY2lhbCBMaWFiaWxpdHkucGRm0hcLGBlXTlMuZGF0YU8RAsIAAAAAAsIAAgAADE1hY2ludG9zaCBIRAAAAAAAAAAAAAAAAAAAAAAAAABCRAAB/////x9GYXVzZXkgKDIwMTApIC0gU3UjRkZGRkZGRkYucGRmAAAAAAAAAAAAAAAAAAAAAAAAAAAAAAAAAAAAAAAAAAD/////AAAAAAAAAAAAAAAAAAQABAAACiBjdQAAAAAAAAAAAAAAAAAGRmF1c2V5AAIAmC86VXNlcnM6ZWxpc2FrcmVpc3M6RG9jdW1lbnRzOmJ1c2luZXNzOmxpYnJhcnk6ZmlsZXM6RmF1c2V5OkZhdXNleSAoMjAxMCkgLSBTdWJ0bGUgTGluZ3Vpc3RpYyBDdWVzIEluZmx1ZW5jZSBQZXJjZWl2ZWQgQmxhbWUgYW5kIEZpbmFuY2lhbCBMaWFiaWxpdHkucGRmAA4AugBcAEYAYQB1AHMAZQB5ACAAKAAyADAAMQAwACkAIAAtACAAUwB1AGIAdABsAGUAIABMAGkAbgBnAHUAaQBzAHQAaQBjACAAQwB1AGUAcwAgAEkAbgBmAGwAdQBlAG4AYwBlACAAUABlAHIAYwBlAGkAdgBlAGQAIABCAGwAYQBtAGUAIABhAG4AZAAgAEYAaQBuAGEAbgBjAGkAYQBsACAATABpAGEAYgBpAGwAaQB0AHkALgBwAGQAZgAPABoADABNAGEAYwBpAG4AdABvAHMAaAAgAEgARAASAJZVc2Vycy9lbGlzYWtyZWlzcy9Eb2N1bWVudHMvYnVzaW5lc3MvbGlicmFyeS9maWxlcy9GYXVzZXkvRmF1c2V5ICgyMDEwKSAtIFN1YnRsZSBMaW5ndWlzdGljIEN1ZXMgSW5mbHVlbmNlIFBlcmNlaXZlZCBCbGFtZSBhbmQgRmluYW5jaWFsIExpYWJpbGl0eS5wZGYAEwABLwAAFQACABL//wAAgAbSGxwdHlokY2xhc3NuYW1lWCRjbGFzc2VzXU5TTXV0YWJsZURhdGGjHR8gVk5TRGF0YVhOU09iamVjdNIbHCIjXE5TRGljdGlvbmFyeaIiIF8QD05TS2V5ZWRBcmNoaXZlctEmJ1Ryb290gAEACAARABoAIwAtADIANwBAAEYATQBVAGAAZwBqAGwAbgBxAHMAdQB3AIQAjgEOARMBGwPhA+MD6APzA/wECgQOBBUEHgQjBDAEMwRFBEgETQAAAAAAAAIBAAAAAAAAACgAAAAAAAAAAAAAAAAAAARP}}

@article{Erickson-etal:1978,
	Author = {Erickson, Bonnie and Lind, E Allan and Johnson, Bruce C and O'Barr, William M},
	Date-Modified = {2019-08-08 16:26:32 +0000},
	Journal = {Journal of Experimental Social Psychology},
	Number = {3},
	Pages = {266--279},
	Read = {1},
	Title = {Speech Style and Impression Formation in a Court Setting: The Effects of ``Powerful'' and ``Powerless'' Speech},
	Volume = {14},
	Year = {1978},
	Bdsk-File-1 = {YnBsaXN0MDDUAQIDBAUGJCVYJHZlcnNpb25YJG9iamVjdHNZJGFyY2hpdmVyVCR0b3ASAAGGoKgHCBMUFRYaIVUkbnVsbNMJCgsMDxJXTlMua2V5c1pOUy5vYmplY3RzViRjbGFzc6INDoACgAOiEBGABIAFgAdccmVsYXRpdmVQYXRoWWFsaWFzRGF0YV8Qpi4uLy4uLy4uLy4uL2xpYnJhcnkvZmlsZXMvRXJpY2tzb24vRXJpY2tzb24gKDE5NzgpIC0gU3BlZWNoIFN0eWxlIGFuZCBJbXByZXNzaW9uIEZvcm1hdGlvbiBpbiBhIENvdXJ0IFNldHRpbmcgVGhlIEVmZmVjdHMgb2YgYGBQb3dlcmZ1bCcnIGFuZCBgYFBvd2VybGVzcycnIFNwZWVjaC5wZGbSFwsYGVdOUy5kYXRhTxEDZgAAAAADZgACAAAMTWFjaW50b3NoIEhEAAAAAAAAAAAAAAAAAAAAAAAAAEJEAAH/////H0VyaWNrc29uICgxOTc4KSAtICNGRkZGRkZGRi5wZGYAAAAAAAAAAAAAAAAAAAAAAAAAAAAAAAAAAAAAAAAAAP////8AAAAAAAAAAAAAAAAABAAEAAAKIGN1AAAAAAAAAAAAAAAAAAhFcmlja3NvbgACAMEvOlVzZXJzOmVsaXNha3JlaXNzOkRvY3VtZW50czpidXNpbmVzczpsaWJyYXJ5OmZpbGVzOkVyaWNrc29uOkVyaWNrc29uICgxOTc4KSAtIFNwZWVjaCBTdHlsZSBhbmQgSW1wcmVzc2lvbiBGb3JtYXRpb24gaW4gYSBDb3VydCBTZXR0aW5nIFRoZSBFZmZlY3RzIG9mIGBgUG93ZXJmdWwnJyBhbmQgYGBQb3dlcmxlc3MnJyBTcGVlY2gucGRmAAAOAQgAgwBFAHIAaQBjAGsAcwBvAG4AIAAoADEAOQA3ADgAKQAgAC0AIABTAHAAZQBlAGMAaAAgAFMAdAB5AGwAZQAgAGEAbgBkACAASQBtAHAAcgBlAHMAcwBpAG8AbgAgAEYAbwByAG0AYQB0AGkAbwBuACAAaQBuACAAYQAgAEMAbwB1AHIAdAAgAFMAZQB0AHQAaQBuAGcAIABUAGgAZQAgAEUAZgBmAGUAYwB0AHMAIABvAGYAIABgAGAAUABvAHcAZQByAGYAdQBsACcAJwAgAGEAbgBkACAAYABgAFAAbwB3AGUAcgBsAGUAcwBzACcAJwAgAFMAcABlAGUAYwBoAC4AcABkAGYADwAaAAwATQBhAGMAaQBuAHQAbwBzAGgAIABIAEQAEgC/VXNlcnMvZWxpc2FrcmVpc3MvRG9jdW1lbnRzL2J1c2luZXNzL2xpYnJhcnkvZmlsZXMvRXJpY2tzb24vRXJpY2tzb24gKDE5NzgpIC0gU3BlZWNoIFN0eWxlIGFuZCBJbXByZXNzaW9uIEZvcm1hdGlvbiBpbiBhIENvdXJ0IFNldHRpbmcgVGhlIEVmZmVjdHMgb2YgYGBQb3dlcmZ1bCcnIGFuZCBgYFBvd2VybGVzcycnIFNwZWVjaC5wZGYAABMAAS8AABUAAgAS//8AAIAG0hscHR5aJGNsYXNzbmFtZVgkY2xhc3Nlc11OU011dGFibGVEYXRhox0fIFZOU0RhdGFYTlNPYmplY3TSGxwiI1xOU0RpY3Rpb25hcnmiIiBfEA9OU0tleWVkQXJjaGl2ZXLRJidUcm9vdIABAAgAEQAaACMALQAyADcAQABGAE0AVQBgAGcAagBsAG4AcQBzAHUAdwCEAI4BNwE8AUQErgSwBLUEwATJBNcE2wTiBOsE8AT9BQAFEgUVBRoAAAAAAAACAQAAAAAAAAAoAAAAAAAAAAAAAAAAAAAFHA==}}

@article{Coates-etal:1994,
	Author = {Coates, Linda and Beavin Bavelas, Janet and Gibson, James},
	Date-Modified = {2019-08-08 16:26:27 +0000},
	Doi = {10.1177/0957926594005002003},
	Eprint = {https://doi.org/10.1177/0957926594005002003},
	Journal = {Discourse \& Society},
	Number = {2},
	Pages = {189-206},
	Read = {1},
	Title = {Anomalous Language in Sexual Assault Trial Judgments},
	Url = {https://doi.org/10.1177/0957926594005002003},
	Volume = {5},
	Year = {1994},
	Bdsk-File-1 = {YnBsaXN0MDDUAQIDBAUGJCVYJHZlcnNpb25YJG9iamVjdHNZJGFyY2hpdmVyVCR0b3ASAAGGoKgHCBMUFRYaIVUkbnVsbNMJCgsMDxJXTlMua2V5c1pOUy5vYmplY3RzViRjbGFzc6INDoACgAOiEBGABIAFgAdccmVsYXRpdmVQYXRoWWFsaWFzRGF0YV8QaS4uLy4uLy4uLy4uL2xpYnJhcnkvZmlsZXMvQ29hdGVzL0NvYXRlcyAoMTk5NCkgLSBBbm9tYWxvdXMgTGFuZ3VhZ2UgaW4gU2V4dWFsIEFzc2F1bHQgVHJpYWwgSnVkZ21lbnRzLnBkZtIXCxgZV05TLmRhdGFPEQJyAAAAAAJyAAIAAAxNYWNpbnRvc2ggSEQAAAAAAAAAAAAAAAAAAAAAAAAAQkQAAf////8fQ29hdGVzICgxOTk0KSAtIEFuI0ZGRkZGRkZGLnBkZgAAAAAAAAAAAAAAAAAAAAAAAAAAAAAAAAAAAAAAAAAA/////wAAAABQREYgQ0FSTwAEAAQAAAogY3UAAAAAAAAAAAAAAAAABkNvYXRlcwACAIQvOlVzZXJzOmVsaXNha3JlaXNzOkRvY3VtZW50czpidXNpbmVzczpsaWJyYXJ5OmZpbGVzOkNvYXRlczpDb2F0ZXMgKDE5OTQpIC0gQW5vbWFsb3VzIExhbmd1YWdlIGluIFNleHVhbCBBc3NhdWx0IFRyaWFsIEp1ZGdtZW50cy5wZGYADgCSAEgAQwBvAGEAdABlAHMAIAAoADEAOQA5ADQAKQAgAC0AIABBAG4AbwBtAGEAbABvAHUAcwAgAEwAYQBuAGcAdQBhAGcAZQAgAGkAbgAgAFMAZQB4AHUAYQBsACAAQQBzAHMAYQB1AGwAdAAgAFQAcgBpAGEAbAAgAEoAdQBkAGcAbQBlAG4AdABzAC4AcABkAGYADwAaAAwATQBhAGMAaQBuAHQAbwBzAGgAIABIAEQAEgCCVXNlcnMvZWxpc2FrcmVpc3MvRG9jdW1lbnRzL2J1c2luZXNzL2xpYnJhcnkvZmlsZXMvQ29hdGVzL0NvYXRlcyAoMTk5NCkgLSBBbm9tYWxvdXMgTGFuZ3VhZ2UgaW4gU2V4dWFsIEFzc2F1bHQgVHJpYWwgSnVkZ21lbnRzLnBkZgATAAEvAAAVAAIAEv//AACABtIbHB0eWiRjbGFzc25hbWVYJGNsYXNzZXNdTlNNdXRhYmxlRGF0YaMdHyBWTlNEYXRhWE5TT2JqZWN00hscIiNcTlNEaWN0aW9uYXJ5oiIgXxAPTlNLZXllZEFyY2hpdmVy0SYnVHJvb3SAAQAIABEAGgAjAC0AMgA3AEAARgBNAFUAYABnAGoAbABuAHEAcwB1AHcAhACOAPoA/wEHA30DfwOEA48DmAOmA6oDsQO6A78DzAPPA+ED5APpAAAAAAAAAgEAAAAAAAAAKAAAAAAAAAAAAAAAAAAAA+s=},
	Bdsk-Url-1 = {https://doi.org/10.1177/0957926594005002003}}

@article{Adams:Jarvis:2006,
	Author = {Adams, Susan H. and Jarvis, John P.},
	Date-Modified = {2019-08-08 16:26:17 +0000},
	Journal = {Speech, Language, and the Law},
	Number = {1},
	Pages = {1--22},
	Read = {1},
	Title = {Indicators of Veracity and Deception: An Analysis of Written Statements Made to Police},
	Volume = {13},
	Year = {2006},
	Bdsk-File-1 = {YnBsaXN0MDDUAQIDBAUGJCVYJHZlcnNpb25YJG9iamVjdHNZJGFyY2hpdmVyVCR0b3ASAAGGoKgHCBMUFRYaIVUkbnVsbNMJCgsMDxJXTlMua2V5c1pOUy5vYmplY3RzViRjbGFzc6INDoACgAOiEBGABIAFgAdccmVsYXRpdmVQYXRoWWFsaWFzRGF0YV8QiC4uLy4uLy4uLy4uL2xpYnJhcnkvZmlsZXMvQWRhbXMvQWRhbXMgKDIwMDYpIC0gSW5kaWNhdG9ycyBvZiBWZXJhY2l0eSBhbmQgRGVjZXB0aW9uIEFuIEFuYWx5c2lzIG9mIFdyaXR0ZW4gU3RhdGVtZW50cyBNYWRlIHRvIFBvbGljZS5wZGbSFwsYGVdOUy5kYXRhTxEC8gAAAAAC8gACAAAMTWFjaW50b3NoIEhEAAAAAAAAAAAAAAAAAAAAAAAAAEJEAAH/////H0FkYW1zICgyMDA2KSAtIEluZCNGRkZGRkZGRi5wZGYAAAAAAAAAAAAAAAAAAAAAAAAAAAAAAAAAAAAAAAAAAP////8AAAAAUERGIENBUk8ABAAEAAAKIGN1AAAAAAAAAAAAAAAAAAVBZGFtcwAAAgCjLzpVc2VyczplbGlzYWtyZWlzczpEb2N1bWVudHM6YnVzaW5lc3M6bGlicmFyeTpmaWxlczpBZGFtczpBZGFtcyAoMjAwNikgLSBJbmRpY2F0b3JzIG9mIFZlcmFjaXR5IGFuZCBEZWNlcHRpb24gQW4gQW5hbHlzaXMgb2YgV3JpdHRlbiBTdGF0ZW1lbnRzIE1hZGUgdG8gUG9saWNlLnBkZgAADgDSAGgAQQBkAGEAbQBzACAAKAAyADAAMAA2ACkAIAAtACAASQBuAGQAaQBjAGEAdABvAHIAcwAgAG8AZgAgAFYAZQByAGEAYwBpAHQAeQAgAGEAbgBkACAARABlAGMAZQBwAHQAaQBvAG4AIABBAG4AIABBAG4AYQBsAHkAcwBpAHMAIABvAGYAIABXAHIAaQB0AHQAZQBuACAAUwB0AGEAdABlAG0AZQBuAHQAcwAgAE0AYQBkAGUAIAB0AG8AIABQAG8AbABpAGMAZQAuAHAAZABmAA8AGgAMAE0AYQBjAGkAbgB0AG8AcwBoACAASABEABIAoVVzZXJzL2VsaXNha3JlaXNzL0RvY3VtZW50cy9idXNpbmVzcy9saWJyYXJ5L2ZpbGVzL0FkYW1zL0FkYW1zICgyMDA2KSAtIEluZGljYXRvcnMgb2YgVmVyYWNpdHkgYW5kIERlY2VwdGlvbiBBbiBBbmFseXNpcyBvZiBXcml0dGVuIFN0YXRlbWVudHMgTWFkZSB0byBQb2xpY2UucGRmAAATAAEvAAAVAAIAEv//AACABtIbHB0eWiRjbGFzc25hbWVYJGNsYXNzZXNdTlNNdXRhYmxlRGF0YaMdHyBWTlNEYXRhWE5TT2JqZWN00hscIiNcTlNEaWN0aW9uYXJ5oiIgXxAPTlNLZXllZEFyY2hpdmVy0SYnVHJvb3SAAQAIABEAGgAjAC0AMgA3AEAARgBNAFUAYABnAGoAbABuAHEAcwB1AHcAhACOARkBHgEmBBwEHgQjBC4ENwRFBEkEUARZBF4EawRuBIAEgwSIAAAAAAAAAgEAAAAAAAAAKAAAAAAAAAAAAAAAAAAABIo=}}

@article{doi:10.1177/0957926594005002003,
	Author = {Linda Coates and Janet Beavin Bavelas and James Gibson},
	Journal = {Discourse \& Society},
	Number = {2},
	Pages = {189-206},
	Title = {Anomalous Language in Sexual Assault Trial Judgments},
	Volume = {5},
	Year = {1994}}

@unpublished{wu2016google,
	Author = {Wu, Yonghui and Schuster, Mike and Chen, Zhifeng and Le, Quoc V and Norouzi, Mohammad and Macherey, Wolfgang and Krikun, Maxim and Cao, Yuan and Gao, Qin and Macherey, Klaus and others},
	Note = {arXiv:1609.08144},
	Title = {Google's neural machine translation system: Bridging the gap between human and machine translation},
	Year = {2016}}

@inproceedings{bahdanau2014neural,
	Author = {Bahdanau, Dzmitry and Cho, Kyunghyun and Bengio, Yoshua},
	Booktitle = {Proceedings of the International Conference on Learning Representations 2015},
	Title = {Neural Machine Translation by Jointly Learning to Align and Translate},
	Year = {2015}}

@article{Alishah-etal:2019,
	Author = {Alishahi, Afra and Chrupa{\l}a, Grzegorz and Linzen, Tal},
	Journal = {Journal of Natural Language Engineering},
	Number = {4},
	Pages = {543--557},
	Title = {Analyzing and Interpreting Neural Networks for {NLP}: A Report on the First {BlackboxNLP} Workshop},
	Volume = {25},
	Year = {2019}}

@inproceedings{luong-etal-2015-effective,
	Address = {Lisbon, Portugal},
	Author = {Luong, Thang and Pham, Hieu and Manning, Christopher D.},
	Booktitle = {Proceedings of the 2015 Conference on Empirical Methods in Natural Language Processing},
	Month = sep,
	Pages = {1412--1421},
	Publisher = {Association for Computational Linguistics},
	Title = {Effective Approaches to Attention-based Neural Machine Translation},
	Year = {2015}}

@article{Allport:1945,
	Author = {Allport, Gordon W and Postman, Leo J},
	Date-Added = {2019-06-10 03:43:35 +0000},
	Date-Modified = {2019-06-10 03:43:37 +0000},
	Journal = {Transactions of the New York Academy of Sciences},
	Number = {2 Series II},
	Pages = {61--81},
	Publisher = {Wiley Online Library},
	Title = {Section of psychology: the basic psychology of rumor},
	Volume = {8},
	Year = {1945}}

@article{Bartlett:1932,
	Author = {Bartlett, Frederic C},
	Date-Added = {2019-06-10 03:26:07 +0000},
	Date-Modified = {2019-06-10 03:26:07 +0000},
	Journal = {Cambridge: Cambridge University},
	Title = {Remembering: An experimental and social study},
	Year = {1932}}

@article{Griffiths:2007,
	Author = {Griffiths, Thomas L and Kalish, Michael L},
	Date-Added = {2019-06-10 03:26:07 +0000},
	Date-Modified = {2019-06-10 03:26:07 +0000},
	Journal = {Cognitive science},
	Number = {3},
	Pages = {441--480},
	Publisher = {Wiley Online Library},
	Title = {Language evolution by iterated learning with Bayesian agents},
	Volume = {31},
	Year = {2007}}

@article{Kashima:2000,
	Author = {Yoshihisa Kashima},
	Date-Added = {2019-06-10 03:26:07 +0000},
	Date-Modified = {2019-06-10 03:26:07 +0000},
	Journal = {Personality and Social Psychology Bulletin},
	Number = {5},
	Pages = {594--604},
	Title = {Maintaining Cultural Stereotypes in the Serial Reproduction of Narratives},
	Volume = {26},
	Year = {2000}}

@misc{Hochreiter:2001,
	Author = {Hochreiter, Sepp and Bengio, Yoshua and Frasconi, Paolo and Schmidhuber, J{\"u}rgen and others},
	Date-Added = {2019-06-10 01:10:18 +0000},
	Date-Modified = {2019-06-10 01:10:19 +0000},
	Publisher = {A field guide to dynamical recurrent neural networks. IEEE Press},
	Title = {Gradient flow in recurrent nets: the difficulty of learning long-term dependencies},
	Year = {2001}}

@inproceedings{Paszke:2017,
	Author = {Paszke, Adam and Gross, Sam and Chintala, Soumith and Chanan, Gregory and Yang, Edward and DeVito, Zachary and Lin, Zeming and Desmaison, Alban and Antiga, Luca and Lerer, Adam},
	Booktitle = {NIPS-W},
	Date-Added = {2019-06-08 20:57:21 +0000},
	Date-Modified = {2019-06-08 20:57:25 +0000},
	Title = {Automatic differentiation in PyTorch},
	Year = {2017}}

@article{Graves:2005,
	Author = {Graves, Alex and Schmidhuber, J{\"u}rgen},
	Date-Added = {2019-06-07 19:23:00 +0000},
	Date-Modified = {2019-06-07 19:23:01 +0000},
	Journal = {Neural Networks},
	Number = {5-6},
	Pages = {602--610},
	Publisher = {Elsevier},
	Title = {Framewise phoneme classification with bidirectional LSTM and other neural network architectures},
	Volume = {18},
	Year = {2005}}

@article{Schuster:1997,
	Author = {Schuster, Mike and Paliwal, Kuldip K},
	Date-Added = {2019-06-07 19:21:28 +0000},
	Date-Modified = {2019-06-07 19:21:34 +0000},
	Journal = {IEEE Transactions on Signal Processing},
	Number = {11},
	Pages = {2673--2681},
	Publisher = {IEEE},
	Title = {Bidirectional recurrent neural networks},
	Volume = {45},
	Year = {1997}}

@inproceedings{Pennington:2014,
	Author = {Pennington, Jeffrey and Socher, Richard and Manning, Christopher},
	Booktitle = {Proceedings of the 2014 conference on empirical methods in natural language processing (EMNLP)},
	Date-Added = {2019-05-27 22:10:17 +0000},
	Date-Modified = {2019-05-27 22:10:18 +0000},
	Pages = {1532--1543},
	Title = {Glove: Global vectors for word representation},
	Year = {2014}}

@inproceedings{Peters:2018,
	Author = {Peters, Matthew and Neumann, Mark and Iyyer, Mohit and Gardner, Matt and Clark, Christopher and Lee, Kenton and Zettlemoyer, Luke},
	Booktitle = {Proceedings of the 2018 Conference of the North American Chapter of the Association for Computational Linguistics: Human Language Technologies, Volume 1 (Long Papers)},
	Date-Added = {2019-05-18 22:28:46 +0000},
	Date-Modified = {2019-05-18 22:29:04 +0000},
	Pages = {2227--2237},
	Title = {Deep Contextualized Word Representations},
	Year = {2018}}

@inproceedings{Li:2015,
	Author = {Li, Jiwei and Luong, Thang and Jurafsky, Dan},
	Booktitle = {Proceedings of the 53rd Annual Meeting of the Association for Computational Linguistics and the 7th International Joint Conference on Natural Language Processing (Volume 1: Long Papers)},
	Date-Added = {2019-05-18 22:26:10 +0000},
	Date-Modified = {2019-05-18 22:26:34 +0000},
	Pages = {1106--1115},
	Title = {A Hierarchical Neural Autoencoder for Paragraphs and Documents},
	Volume = {1},
	Year = {2015}}

@inproceedings{Socher:2013,
	Author = {Socher, Richard and Perelygin, Alex and Wu, Jean and Chuang, Jason and Manning, Christopher D and Ng, Andrew and Potts, Christopher},
	Booktitle = {Proceedings of the 2013 conference on empirical methods in natural language processing},
	Date-Added = {2019-05-18 21:18:32 +0000},
	Date-Modified = {2019-05-18 21:18:32 +0000},
	Pages = {1631--1642},
	Title = {Recursive deep models for semantic compositionality over a sentiment treebank},
	Year = {2013}}

@article{Hochreiter:1997,
	Author = {Hochreiter, Sepp and Schmidhuber, J{\"u}rgen},
	Date-Added = {2019-05-17 18:09:17 +0000},
	Date-Modified = {2019-05-17 18:09:19 +0000},
	Journal = {Neural computation},
	Number = {8},
	Pages = {1735--1780},
	Publisher = {MIT Press},
	Title = {Long short-term memory},
	Volume = {9},
	Year = {1997}}

@inproceedings{Kreiss:2019,
	Author = {Kreiss, Elisa and Franke, Michael and Degen, Judith},
	Booktitle = {Proceedings of the Annual Meeting of the Cognitive Science Society},
	Date-Added = {2019-05-17 17:20:26 +0000},
	Date-Modified = {2019-05-17 17:23:41 +0000},
	Number = {41},
	Title = {Uncertain evidence statements and guilt perception in iterative reproductions of crime stories},
	Volume = {41},
	Year = {2019}}

@inproceedings{Devlin:2018,
	Address = {Stroudsburg, PA},
	Author = {Devlin, Jacob and Chang, Ming-Wei and Lee, Kenton and Toutanova, Kristina},
	Booktitle = {Proceedings of the North American Association of Computational Linguistics},
	Date-Added = {2019-05-11 17:36:46 -0700},
	Date-Modified = {2019-05-11 17:38:22 -0700},
	Publisher = {Association for Computational Linguistics},
	Title = {{BERT}: Pre-training of Deep Bidirectional Transformers for Language Understanding},
	Year = {2019}}

@inproceedings{Le:2014,
	Author = {Le, Quoc and Mikolov, Tomas},
	Booktitle = {International conference on machine learning},
	Date-Added = {2019-05-17 16:48:36 +0000},
	Date-Modified = {2019-05-17 16:48:36 +0000},
	Pages = {1188--1196},
	Title = {Distributed representations of sentences and documents},
	Year = {2014},
	Bdsk-File-1 = {YnBsaXN0MDDUAQIDBAUGJCVYJHZlcnNpb25YJG9iamVjdHNZJGFyY2hpdmVyVCR0b3ASAAGGoKgHCBMUFRYaIVUkbnVsbNMJCgsMDxJXTlMua2V5c1pOUy5vYmplY3RzViRjbGFzc6INDoACgAOiEBGABIAFgAdccmVsYXRpdmVQYXRoWWFsaWFzRGF0YV8QYy4uLy4uLy4uLy4uL2xpYnJhcnkvZmlsZXMvTGUvTGUgKDIwMTQpIC0gRGlzdHJpYnV0ZWQgcmVwcmVzZW50YXRpb25zIG9mIHNlbnRlbmNlcyBhbmQgZG9jdW1lbnRzLnBkZtIXCxgZV05TLmRhdGFPEQJeAAAAAAJeAAIAAAxNYWNpbnRvc2ggSEQAAAAAAAAAAAAAAAAAAAAAAAAAQkQAAf////8fTGUgKDIwMTQpIC0gRGlzdHJpI0ZGRkZGRkZGLnBkZgAAAAAAAAAAAAAAAAAAAAAAAAAAAAAAAAAAAAAAAAAA/////wAAAAAAAAAAAAAAAAAEAAQAAAogY3UAAAAAAAAAAAAAAAAAAkxlAAIAfi86VXNlcnM6ZWxpc2FrcmVpc3M6RG9jdW1lbnRzOmJ1c2luZXNzOmxpYnJhcnk6ZmlsZXM6TGU6TGUgKDIwMTQpIC0gRGlzdHJpYnV0ZWQgcmVwcmVzZW50YXRpb25zIG9mIHNlbnRlbmNlcyBhbmQgZG9jdW1lbnRzLnBkZgAOAI4ARgBMAGUAIAAoADIAMAAxADQAKQAgAC0AIABEAGkAcwB0AHIAaQBiAHUAdABlAGQAIAByAGUAcAByAGUAcwBlAG4AdABhAHQAaQBvAG4AcwAgAG8AZgAgAHMAZQBuAHQAZQBuAGMAZQBzACAAYQBuAGQAIABkAG8AYwB1AG0AZQBuAHQAcwAuAHAAZABmAA8AGgAMAE0AYQBjAGkAbgB0AG8AcwBoACAASABEABIAfFVzZXJzL2VsaXNha3JlaXNzL0RvY3VtZW50cy9idXNpbmVzcy9saWJyYXJ5L2ZpbGVzL0xlL0xlICgyMDE0KSAtIERpc3RyaWJ1dGVkIHJlcHJlc2VudGF0aW9ucyBvZiBzZW50ZW5jZXMgYW5kIGRvY3VtZW50cy5wZGYAEwABLwAAFQACABL//wAAgAbSGxwdHlokY2xhc3NuYW1lWCRjbGFzc2VzXU5TTXV0YWJsZURhdGGjHR8gVk5TRGF0YVhOU09iamVjdNIbHCIjXE5TRGljdGlvbmFyeaIiIF8QD05TS2V5ZWRBcmNoaXZlctEmJ1Ryb290gAEACAARABoAIwAtADIANwBAAEYATQBVAGAAZwBqAGwAbgBxAHMAdQB3AIQAjgD0APkBAQNjA2UDagN1A34DjAOQA5cDoAOlA7IDtQPHA8oDzwAAAAAAAAIBAAAAAAAAACgAAAAAAAAAAAAAAAAAAAPR}}

@article{Li:2015b,
	Author = {Li, Jiwei and Luong, Minh-Thang and Jurafsky, Dan},
	Date-Added = {2019-05-17 16:48:36 +0000},
	Date-Modified = {2019-05-18 22:26:30 +0000},
	Journal = {arXiv preprint arXiv:1506.01057},
	Title = {A hierarchical neural autoencoder for paragraphs and documents},
	Year = {2015},
	Bdsk-File-1 = {YnBsaXN0MDDUAQIDBAUGJCVYJHZlcnNpb25YJG9iamVjdHNZJGFyY2hpdmVyVCR0b3ASAAGGoKgHCBMUFRYaIVUkbnVsbNMJCgsMDxJXTlMua2V5c1pOUy5vYmplY3RzViRjbGFzc6INDoACgAOiEBGABIAFgAdccmVsYXRpdmVQYXRoWWFsaWFzRGF0YV8Qay4uLy4uLy4uLy4uL2xpYnJhcnkvZmlsZXMvTGkvTGkgKDIwMTUpIC0gQSBoaWVyYXJjaGljYWwgbmV1cmFsIGF1dG9lbmNvZGVyIGZvciBwYXJhZ3JhcGhzIGFuZCBkb2N1bWVudHMucGRm0hcLGBlXTlMuZGF0YU8RAn4AAAAAAn4AAgAADE1hY2ludG9zaCBIRAAAAAAAAAAAAAAAAAAAAAAAAABCRAAB/////x9MaSAoMjAxNSkgLSBBIGhpZXIjRkZGRkZGRkYucGRmAAAAAAAAAAAAAAAAAAAAAAAAAAAAAAAAAAAAAAAAAAD/////AAAAAAAAAAAAAAAAAAQABAAACiBjdQAAAAAAAAAAAAAAAAACTGkAAgCGLzpVc2VyczplbGlzYWtyZWlzczpEb2N1bWVudHM6YnVzaW5lc3M6bGlicmFyeTpmaWxlczpMaTpMaSAoMjAxNSkgLSBBIGhpZXJhcmNoaWNhbCBuZXVyYWwgYXV0b2VuY29kZXIgZm9yIHBhcmFncmFwaHMgYW5kIGRvY3VtZW50cy5wZGYADgCeAE4ATABpACAAKAAyADAAMQA1ACkAIAAtACAAQQAgAGgAaQBlAHIAYQByAGMAaABpAGMAYQBsACAAbgBlAHUAcgBhAGwAIABhAHUAdABvAGUAbgBjAG8AZABlAHIAIABmAG8AcgAgAHAAYQByAGEAZwByAGEAcABoAHMAIABhAG4AZAAgAGQAbwBjAHUAbQBlAG4AdABzAC4AcABkAGYADwAaAAwATQBhAGMAaQBuAHQAbwBzAGgAIABIAEQAEgCEVXNlcnMvZWxpc2FrcmVpc3MvRG9jdW1lbnRzL2J1c2luZXNzL2xpYnJhcnkvZmlsZXMvTGkvTGkgKDIwMTUpIC0gQSBoaWVyYXJjaGljYWwgbmV1cmFsIGF1dG9lbmNvZGVyIGZvciBwYXJhZ3JhcGhzIGFuZCBkb2N1bWVudHMucGRmABMAAS8AABUAAgAS//8AAIAG0hscHR5aJGNsYXNzbmFtZVgkY2xhc3Nlc11OU011dGFibGVEYXRhox0fIFZOU0RhdGFYTlNPYmplY3TSGxwiI1xOU0RpY3Rpb25hcnmiIiBfEA9OU0tleWVkQXJjaGl2ZXLRJidUcm9vdIABAAgAEQAaACMALQAyADcAQABGAE0AVQBgAGcAagBsAG4AcQBzAHUAdwCEAI4A/AEBAQkDiwONA5IDnQOmA7QDuAO/A8gDzQPaA90D7wPyA/cAAAAAAAACAQAAAAAAAAAoAAAAAAAAAAAAAAAAAAAD+Q==}}

@article{Lin:2017,
	Author = {Lin, Zhouhan and Feng, Minwei and Santos, Cicero Nogueira dos and Yu, Mo and Xiang, Bing and Zhou, Bowen and Bengio, Yoshua},
	Date-Added = {2019-05-17 16:48:36 +0000},
	Date-Modified = {2019-05-18 22:28:55 +0000},
	Journal = {arXiv preprint arXiv:1703.03130},
	Title = {A structured self-attentive sentence embedding},
	Year = {2017},
	Bdsk-File-1 = {YnBsaXN0MDDUAQIDBAUGJCVYJHZlcnNpb25YJG9iamVjdHNZJGFyY2hpdmVyVCR0b3ASAAGGoKgHCBMUFRYaIVUkbnVsbNMJCgsMDxJXTlMua2V5c1pOUy5vYmplY3RzViRjbGFzc6INDoACgAOiEBGABIAFgAdccmVsYXRpdmVQYXRoWWFsaWFzRGF0YV8QXS4uLy4uLy4uLy4uL2xpYnJhcnkvZmlsZXMvTGluL0xpbiAoMjAxNykgLSBBIHN0cnVjdHVyZWQgc2VsZi1hdHRlbnRpdmUgc2VudGVuY2UgZW1iZWRkaW5nLnBkZtIXCxgZV05TLmRhdGFPEQJGAAAAAAJGAAIAAAxNYWNpbnRvc2ggSEQAAAAAAAAAAAAAAAAAAAAAAAAAQkQAAf////8fTGluICgyMDE3KSAtIEEgc3RyI0ZGRkZGRkZGLnBkZgAAAAAAAAAAAAAAAAAAAAAAAAAAAAAAAAAAAAAAAAAA/////wAAAAAAAAAAAAAAAAAEAAQAAAogY3UAAAAAAAAAAAAAAAAAA0xpbgAAAgB4LzpVc2VyczplbGlzYWtyZWlzczpEb2N1bWVudHM6YnVzaW5lc3M6bGlicmFyeTpmaWxlczpMaW46TGluICgyMDE3KSAtIEEgc3RydWN0dXJlZCBzZWxmLWF0dGVudGl2ZSBzZW50ZW5jZSBlbWJlZGRpbmcucGRmAA4AgAA/AEwAaQBuACAAKAAyADAAMQA3ACkAIAAtACAAQQAgAHMAdAByAHUAYwB0AHUAcgBlAGQAIABzAGUAbABmAC0AYQB0AHQAZQBuAHQAaQB2AGUAIABzAGUAbgB0AGUAbgBjAGUAIABlAG0AYgBlAGQAZABpAG4AZwAuAHAAZABmAA8AGgAMAE0AYQBjAGkAbgB0AG8AcwBoACAASABEABIAdlVzZXJzL2VsaXNha3JlaXNzL0RvY3VtZW50cy9idXNpbmVzcy9saWJyYXJ5L2ZpbGVzL0xpbi9MaW4gKDIwMTcpIC0gQSBzdHJ1Y3R1cmVkIHNlbGYtYXR0ZW50aXZlIHNlbnRlbmNlIGVtYmVkZGluZy5wZGYAEwABLwAAFQACABL//wAAgAbSGxwdHlokY2xhc3NuYW1lWCRjbGFzc2VzXU5TTXV0YWJsZURhdGGjHR8gVk5TRGF0YVhOU09iamVjdNIbHCIjXE5TRGljdGlvbmFyeaIiIF8QD05TS2V5ZWRBcmNoaXZlctEmJ1Ryb290gAEACAARABoAIwAtADIANwBAAEYATQBVAGAAZwBqAGwAbgBxAHMAdQB3AIQAjgDuAPMA+wNFA0cDTANXA2ADbgNyA3kDggOHA5QDlwOpA6wDsQAAAAAAAAIBAAAAAAAAACgAAAAAAAAAAAAAAAAAAAOz}}

@article{Peters:2018b,
	Author = {Peters, Matthew E and Neumann, Mark and Iyyer, Mohit and Gardner, Matt and Clark, Christopher and Lee, Kenton and Zettlemoyer, Luke},
	Date-Added = {2019-05-17 16:48:36 +0000},
	Date-Modified = {2019-05-18 22:29:00 +0000},
	Journal = {arXiv preprint arXiv:1802.05365},
	Title = {Deep contextualized word representations},
	Year = {2018},
	Bdsk-File-1 = {YnBsaXN0MDDUAQIDBAUGJCVYJHZlcnNpb25YJG9iamVjdHNZJGFyY2hpdmVyVCR0b3ASAAGGoKgHCBMUFRYaIVUkbnVsbNMJCgsMDxJXTlMua2V5c1pOUy5vYmplY3RzViRjbGFzc6INDoACgAOiEBGABIAFgAdccmVsYXRpdmVQYXRoWWFsaWFzRGF0YV8QXS4uLy4uLy4uLy4uL2xpYnJhcnkvZmlsZXMvUGV0ZXJzL1BldGVycyAoMjAxOCkgLSBEZWVwIGNvbnRleHR1YWxpemVkIHdvcmQgcmVwcmVzZW50YXRpb25zLnBkZtIXCxgZV05TLmRhdGFPEQJCAAAAAAJCAAIAAAxNYWNpbnRvc2ggSEQAAAAAAAAAAAAAAAAAAAAAAAAAQkQAAf////8fUGV0ZXJzICgyMDE4KSAtIERlI0ZGRkZGRkZGLnBkZgAAAAAAAAAAAAAAAAAAAAAAAAAAAAAAAAAAAAAAAAAA/////wAAAAAAAAAAAAAAAAAEAAQAAAogY3UAAAAAAAAAAAAAAAAABlBldGVycwACAHgvOlVzZXJzOmVsaXNha3JlaXNzOkRvY3VtZW50czpidXNpbmVzczpsaWJyYXJ5OmZpbGVzOlBldGVyczpQZXRlcnMgKDIwMTgpIC0gRGVlcCBjb250ZXh0dWFsaXplZCB3b3JkIHJlcHJlc2VudGF0aW9ucy5wZGYADgB6ADwAUABlAHQAZQByAHMAIAAoADIAMAAxADgAKQAgAC0AIABEAGUAZQBwACAAYwBvAG4AdABlAHgAdAB1AGEAbABpAHoAZQBkACAAdwBvAHIAZAAgAHIAZQBwAHIAZQBzAGUAbgB0AGEAdABpAG8AbgBzAC4AcABkAGYADwAaAAwATQBhAGMAaQBuAHQAbwBzAGgAIABIAEQAEgB2VXNlcnMvZWxpc2FrcmVpc3MvRG9jdW1lbnRzL2J1c2luZXNzL2xpYnJhcnkvZmlsZXMvUGV0ZXJzL1BldGVycyAoMjAxOCkgLSBEZWVwIGNvbnRleHR1YWxpemVkIHdvcmQgcmVwcmVzZW50YXRpb25zLnBkZgATAAEvAAAVAAIAEv//AACABtIbHB0eWiRjbGFzc25hbWVYJGNsYXNzZXNdTlNNdXRhYmxlRGF0YaMdHyBWTlNEYXRhWE5TT2JqZWN00hscIiNcTlNEaWN0aW9uYXJ5oiIgXxAPTlNLZXllZEFyY2hpdmVy0SYnVHJvb3SAAQAIABEAGgAjAC0AMgA3AEAARgBNAFUAYABnAGoAbABuAHEAcwB1AHcAhACOAO4A8wD7A0EDQwNIA1MDXANqA24DdQN+A4MDkAOTA6UDqAOtAAAAAAAAAgEAAAAAAAAAKAAAAAAAAAAAAAAAAAAAA68=}}

@inproceedings{Zhang:2017a,
	Author = {Zhang, Yizhe and Shen, Dinghan and Wang, Guoyin and Gan, Zhe and Henao, Ricardo and Carin, Lawrence},
	Booktitle = {Advances in Neural Information Processing Systems},
	Date-Added = {2019-05-17 16:48:36 +0000},
	Date-Modified = {2019-05-17 16:48:36 +0000},
	Pages = {4169--4179},
	Title = {Deconvolutional paragraph representation learning},
	Year = {2017},
	Bdsk-File-1 = {YnBsaXN0MDDUAQIDBAUGJCVYJHZlcnNpb25YJG9iamVjdHNZJGFyY2hpdmVyVCR0b3ASAAGGoKgHCBMUFRYaIVUkbnVsbNMJCgsMDxJXTlMua2V5c1pOUy5vYmplY3RzViRjbGFzc6INDoACgAOiEBGABIAFgAdccmVsYXRpdmVQYXRoWWFsaWFzRGF0YV8QZC4uLy4uLy4uLy4uL2xpYnJhcnkvZmlsZXMvWmhhbmcvWmhhbmcgKDIwMTcpIC0gRGVjb252b2x1dGlvbmFsIHBhcmFncmFwaCByZXByZXNlbnRhdGlvbiBsZWFybmluZy5wZGbSFwsYGVdOUy5kYXRhTxECYgAAAAACYgACAAAMTWFjaW50b3NoIEhEAAAAAAAAAAAAAAAAAAAAAAAAAEJEAAH/////H1poYW5nICgyMDE3KSAtIERlYyNGRkZGRkZGRi5wZGYAAAAAAAAAAAAAAAAAAAAAAAAAAAAAAAAAAAAAAAAAAP////8AAAAAAAAAAAAAAAAABAAEAAAKIGN1AAAAAAAAAAAAAAAAAAVaaGFuZwAAAgB/LzpVc2VyczplbGlzYWtyZWlzczpEb2N1bWVudHM6YnVzaW5lc3M6bGlicmFyeTpmaWxlczpaaGFuZzpaaGFuZyAoMjAxNykgLSBEZWNvbnZvbHV0aW9uYWwgcGFyYWdyYXBoIHJlcHJlc2VudGF0aW9uIGxlYXJuaW5nLnBkZgAADgCKAEQAWgBoAGEAbgBnACAAKAAyADAAMQA3ACkAIAAtACAARABlAGMAbwBuAHYAbwBsAHUAdABpAG8AbgBhAGwAIABwAGEAcgBhAGcAcgBhAHAAaAAgAHIAZQBwAHIAZQBzAGUAbgB0AGEAdABpAG8AbgAgAGwAZQBhAHIAbgBpAG4AZwAuAHAAZABmAA8AGgAMAE0AYQBjAGkAbgB0AG8AcwBoACAASABEABIAfVVzZXJzL2VsaXNha3JlaXNzL0RvY3VtZW50cy9idXNpbmVzcy9saWJyYXJ5L2ZpbGVzL1poYW5nL1poYW5nICgyMDE3KSAtIERlY29udm9sdXRpb25hbCBwYXJhZ3JhcGggcmVwcmVzZW50YXRpb24gbGVhcm5pbmcucGRmAAATAAEvAAAVAAIAEv//AACABtIbHB0eWiRjbGFzc25hbWVYJGNsYXNzZXNdTlNNdXRhYmxlRGF0YaMdHyBWTlNEYXRhWE5TT2JqZWN00hscIiNcTlNEaWN0aW9uYXJ5oiIgXxAPTlNLZXllZEFyY2hpdmVy0SYnVHJvb3SAAQAIABEAGgAjAC0AMgA3AEAARgBNAFUAYABnAGoAbABuAHEAcwB1AHcAhACOAPUA+gECA2gDagNvA3oDgwORA5UDnAOlA6oDtwO6A8wDzwPUAAAAAAAAAgEAAAAAAAAAKAAAAAAAAAAAAAAAAAAAA9Y=}}
