%% This BibTeX bibliography file was created using BibDesk.
%% https://bibdesk.sourceforge.io/

%% Created for Elisa Kreiss at 2019-05-07 22:12:00 -0700 


%% Saved with string encoding Unicode (UTF-8) 



@article{Tversky:2000,
	Author = {Tversky, Barbara and Marsh, Elizabeth J},
	Date-Added = {2019-05-08 05:10:55 +0000},
	Date-Modified = {2019-05-08 05:10:55 +0000},
	Journal = {Cognitive psychology},
	Number = {1},
	Pages = {1--38},
	Publisher = {Elsevier},
	Title = {Biased retellings of events yield biased memories},
	Volume = {40},
	Year = {2000},
	Bdsk-File-1 = {YnBsaXN0MDDUAQIDBAUGJCVYJHZlcnNpb25YJG9iamVjdHNZJGFyY2hpdmVyVCR0b3ASAAGGoKgHCBMUFRYaIVUkbnVsbNMJCgsMDxJXTlMua2V5c1pOUy5vYmplY3RzViRjbGFzc6INDoACgAOiEBGABIAFgAdccmVsYXRpdmVQYXRoWWFsaWFzRGF0YV8QaC4uLy4uLy4uLy4uL2xpYnJhcnkvZmlsZXMvVHZlcnNreS9UdmVyc2t5ICgyMDAwKSAtIEJpYXNlZCByZXRlbGxpbmdzIG9mIGV2ZW50cyB5aWVsZCBiaWFzZWQgbWVtb3JpZXMucGRm0hcLGBlXTlMuZGF0YU8RAnAAAAAAAnAAAgAADE1hY2ludG9zaCBIRAAAAAAAAAAAAAAAAAAAAAAAAABCRAAB/////x9UdmVyc2t5ICgyMDAwKSAtIEIjRkZGRkZGRkYucGRmAAAAAAAAAAAAAAAAAAAAAAAAAAAAAAAAAAAAAAAAAAD/////AAAAAFBERiBDQVJPAAQABAAACiBjdQAAAAAAAAAAAAAAAAAHVHZlcnNreQAAAgCDLzpVc2VyczplbGlzYWtyZWlzczpEb2N1bWVudHM6YnVzaW5lc3M6bGlicmFyeTpmaWxlczpUdmVyc2t5OlR2ZXJza3kgKDIwMDApIC0gQmlhc2VkIHJldGVsbGluZ3Mgb2YgZXZlbnRzIHlpZWxkIGJpYXNlZCBtZW1vcmllcy5wZGYAAA4AjgBGAFQAdgBlAHIAcwBrAHkAIAAoADIAMAAwADAAKQAgAC0AIABCAGkAYQBzAGUAZAAgAHIAZQB0AGUAbABsAGkAbgBnAHMAIABvAGYAIABlAHYAZQBuAHQAcwAgAHkAaQBlAGwAZAAgAGIAaQBhAHMAZQBkACAAbQBlAG0AbwByAGkAZQBzAC4AcABkAGYADwAaAAwATQBhAGMAaQBuAHQAbwBzAGgAIABIAEQAEgCBVXNlcnMvZWxpc2FrcmVpc3MvRG9jdW1lbnRzL2J1c2luZXNzL2xpYnJhcnkvZmlsZXMvVHZlcnNreS9UdmVyc2t5ICgyMDAwKSAtIEJpYXNlZCByZXRlbGxpbmdzIG9mIGV2ZW50cyB5aWVsZCBiaWFzZWQgbWVtb3JpZXMucGRmAAATAAEvAAAVAAIAEv//AACABtIbHB0eWiRjbGFzc25hbWVYJGNsYXNzZXNdTlNNdXRhYmxlRGF0YaMdHyBWTlNEYXRhWE5TT2JqZWN00hscIiNcTlNEaWN0aW9uYXJ5oiIgXxAPTlNLZXllZEFyY2hpdmVy0SYnVHJvb3SAAQAIABEAGgAjAC0AMgA3AEAARgBNAFUAYABnAGoAbABuAHEAcwB1AHcAhACOAPkA/gEGA3oDfAOBA4wDlQOjA6cDrgO3A7wDyQPMA94D4QPmAAAAAAAAAgEAAAAAAAAAKAAAAAAAAAAAAAAAAAAAA+g=}}

@article{Hills:2018,
	Author = {Hills, Thomas T},
	Date-Added = {2019-05-06 21:37:58 +0000},
	Date-Modified = {2019-05-08 05:11:59 +0000},
	Journal = {Perspectives on Psychological Science},
	Publisher = {SAGE Publications Sage CA: Los Angeles, CA},
	Title = {The dark side of information proliferation},
	Year = {2018},
	Bdsk-File-1 = {YnBsaXN0MDDUAQIDBAUGJCVYJHZlcnNpb25YJG9iamVjdHNZJGFyY2hpdmVyVCR0b3ASAAGGoKgHCBMUFRYaIVUkbnVsbNMJCgsMDxJXTlMua2V5c1pOUy5vYmplY3RzViRjbGFzc6INDoACgAOiEBGABIAFgAdccmVsYXRpdmVQYXRoWWFsaWFzRGF0YV8QXS4uLy4uLy4uLy4uL2xpYnJhcnkvZmlsZXMvSGlsbHMvSGlsbHMgKDIwMTgpIC0gVGhlIGRhcmsgc2lkZSBvZiBpbmZvcm1hdGlvbiBwcm9saWZlcmF0aW9uLnBkZtIXCxgZV05TLmRhdGFPEQJEAAAAAAJEAAIAAAxNYWNpbnRvc2ggSEQAAAAAAAAAAAAAAAAAAAAAAAAAQkQAAf////8fSGlsbHMgKDIwMTgpIC0gVGhlI0ZGRkZGRkZGLnBkZgAAAAAAAAAAAAAAAAAAAAAAAAAAAAAAAAAAAAAAAAAA/////wAAAAAAAAAAAAAAAAAEAAQAAAogY3UAAAAAAAAAAAAAAAAABUhpbGxzAAACAHgvOlVzZXJzOmVsaXNha3JlaXNzOkRvY3VtZW50czpidXNpbmVzczpsaWJyYXJ5OmZpbGVzOkhpbGxzOkhpbGxzICgyMDE4KSAtIFRoZSBkYXJrIHNpZGUgb2YgaW5mb3JtYXRpb24gcHJvbGlmZXJhdGlvbi5wZGYADgB8AD0ASABpAGwAbABzACAAKAAyADAAMQA4ACkAIAAtACAAVABoAGUAIABkAGEAcgBrACAAcwBpAGQAZQAgAG8AZgAgAGkAbgBmAG8AcgBtAGEAdABpAG8AbgAgAHAAcgBvAGwAaQBmAGUAcgBhAHQAaQBvAG4ALgBwAGQAZgAPABoADABNAGEAYwBpAG4AdABvAHMAaAAgAEgARAASAHZVc2Vycy9lbGlzYWtyZWlzcy9Eb2N1bWVudHMvYnVzaW5lc3MvbGlicmFyeS9maWxlcy9IaWxscy9IaWxscyAoMjAxOCkgLSBUaGUgZGFyayBzaWRlIG9mIGluZm9ybWF0aW9uIHByb2xpZmVyYXRpb24ucGRmABMAAS8AABUAAgAS//8AAIAG0hscHR5aJGNsYXNzbmFtZVgkY2xhc3Nlc11OU011dGFibGVEYXRhox0fIFZOU0RhdGFYTlNPYmplY3TSGxwiI1xOU0RpY3Rpb25hcnmiIiBfEA9OU0tleWVkQXJjaGl2ZXLRJidUcm9vdIABAAgAEQAaACMALQAyADcAQABGAE0AVQBgAGcAagBsAG4AcQBzAHUAdwCEAI4A7gDzAPsDQwNFA0oDVQNeA2wDcAN3A4ADhQOSA5UDpwOqA68AAAAAAAACAQAAAAAAAAAoAAAAAAAAAAAAAAAAAAADsQ==}}

@article{Kashima:2000,
	Author = {Yoshihisa Kashima},
	Date-Modified = {2019-02-02 08:51:01 +0000},
	Journal = {Personality and Social Psychology Bulletin},
	Number = {5},
	Pages = {594--604},
	Title = {Maintaining Cultural Stereotypes in the Serial Reproduction of Narratives},
	Volume = {26},
	Year = {2000}}

@article{Kalish:2007,
	Author = {Michael L. Kalish and Thomas L. Griffiths and Stephan Lewandowsky},
	Date-Modified = {2019-02-02 08:51:17 +0000},
	Journal = {Psychonomic Bulletin \& Review},
	Number = {2},
	Pages = {288--294},
	Title = {Iterated learning: Intergenerational knowledge transmission reveals inductive biases},
	Volume = {14},
	Year = {2007}}

@article{Kirby:2014,
	Author = {Simon Kirby and Tom Griffith and Kenny Smith},
	Date-Modified = {2019-02-02 08:52:13 +0000},
	Journal = {Current Opinion in Neurobiology},
	Pages = {108--114},
	Title = {Iterated Learning and the Evolution of Language},
	Volume = {28},
	Year = {2014}}

@article{Scott-Phillips:2010,
	Author = {Thomas C. Scott-Phillips and Simon Kirby},
	Date-Modified = {2019-02-02 08:51:49 +0000},
	Journal = {Trends in Cognitive Sciences},
	Number = {9},
	Pages = {411--417},
	Title = {Language evolution in the laboratory},
	Volume = {14},
	Year = {2010}}

@article{Bangerter:2000,
	Author = {Bangerter, Adrian},
	Date-Added = {2019-02-02 08:05:02 +0000},
	Date-Modified = {2019-05-08 05:11:03 +0000},
	Journal = {British Journal of Social Psychology},
	Number = {4},
	Pages = {521--535},
	Publisher = {Wiley Online Library},
	Title = {Transformation between scientific and social representations of conception: The method of serial reproduction},
	Volume = {39},
	Year = {2000}}

@article{Kalish:2007a,
	Author = {Kalish, Michael L and Griffiths, Thomas L and Lewandowsky, Stephan},
	Date-Added = {2019-02-02 08:04:15 +0000},
	Date-Modified = {2019-05-08 05:11:03 +0000},
	Journal = {Psychonomic Bulletin \& Review},
	Number = {2},
	Pages = {288--294},
	Publisher = {Springer},
	Title = {Iterated learning: Intergenerational knowledge transmission reveals inductive biases},
	Volume = {14},
	Year = {2007}}

@article{Griffiths:2007,
	Author = {Griffiths, Thomas L and Kalish, Michael L},
	Date-Added = {2019-02-02 08:03:53 +0000},
	Date-Modified = {2019-02-02 08:50:51 +0000},
	Journal = {Cognitive science},
	Number = {3},
	Pages = {441--480},
	Publisher = {Wiley Online Library},
	Title = {Language evolution by iterated learning with Bayesian agents},
	Volume = {31},
	Year = {2007}}

@article{Winters:2015,
	Author = {Winters, James and Kirby, Simon and Smith, Kenny},
	Date-Added = {2019-02-02 08:03:14 +0000},
	Date-Modified = {2019-05-08 05:11:03 +0000},
	Journal = {Language and Cognition},
	Number = {3},
	Pages = {415--449},
	Publisher = {Cambridge University Press},
	Title = {Languages adapt to their contextual niche},
	Volume = {7},
	Year = {2015}}

@article{Kirby:2015,
	Author = {Kirby, Simon and Tamariz, Monica and Cornish, Hannah and Smith, Kenny},
	Date-Added = {2019-02-02 08:03:07 +0000},
	Date-Modified = {2019-05-08 05:11:03 +0000},
	Journal = {Cognition},
	Pages = {87--102},
	Publisher = {Elsevier},
	Title = {Compression and communication in the cultural evolution of linguistic structure},
	Volume = {141},
	Year = {2015}}

@article{Mesoudi:2004,
	Author = {Mesoudi, Alex and Whiten, Andrew},
	Date-Added = {2019-01-30 18:55:46 +0000},
	Date-Modified = {2019-01-30 18:55:49 +0000},
	Journal = {Journal of Cognition and Culture},
	Number = {1},
	Pages = {1--24},
	Publisher = {Brill},
	Title = {The hierarchical transformation of event knowledge in human cultural transmission},
	Volume = {4},
	Year = {2004}}

@article{Van-Prooijen:2006,
	Author = {Van Prooijen, Jan-Willem},
	Date-Added = {2019-01-29 22:15:48 +0000},
	Date-Modified = {2019-01-29 22:15:50 +0000},
	Journal = {Personality and Social Psychology Bulletin},
	Number = {6},
	Pages = {715--726},
	Publisher = {Sage Publications},
	Title = {Retributive reactions to suspected offenders: The importance of social categorizations and guilt probability},
	Volume = {32},
	Year = {2006}}

@article{Bartlett:1932,
	Author = {Bartlett, Frederic C},
	Date-Added = {2019-01-29 18:15:50 +0000},
	Date-Modified = {2019-01-29 18:16:22 +0000},
	Journal = {Cambridge: Cambridge University},
	Title = {Remembering: An experimental and social study},
	Year = {1932}}

@article{Jagiello:2018,
	Author = {Jagiello, Robert D and Hills, Thomas T},
	Date-Added = {2019-01-29 18:14:51 +0000},
	Date-Modified = {2019-05-06 21:38:42 +0000},
	Journal = {Risk Analysis},
	Publisher = {Wiley Online Library},
	Read = {0},
	Title = {Bad News Has Wings: Dread Risk Mediates Social Amplification in Risk Communication},
	Year = {2018},
	Bdsk-File-1 = {YnBsaXN0MDDUAQIDBAUGJCVYJHZlcnNpb25YJG9iamVjdHNZJGFyY2hpdmVyVCR0b3ASAAGGoKgHCBMUFRYaIVUkbnVsbNMJCgsMDxJXTlMua2V5c1pOUy5vYmplY3RzViRjbGFzc6INDoACgAOiEBGABIAFgAdccmVsYXRpdmVQYXRoWWFsaWFzRGF0YV8Qii4uLy4uLy4uLy4uL2xpYnJhcnkvZmlsZXMvSmFnaWVsbG8vSmFnaWVsbG8gKDIwMTgpIC0gQmFkIE5ld3MgSGFzIFdpbmdzIERyZWFkIFJpc2sgTWVkaWF0ZXMgU29jaWFsIEFtcGxpZmljYXRpb24gaW4gUmlzayBDb21tdW5pY2F0aW9uLnBkZtIXCxgZV05TLmRhdGFPEQL2AAAAAAL2AAIAAAxNYWNpbnRvc2ggSEQAAAAAAAAAAAAAAAAAAAAAAAAAQkQAAf////8fSmFnaWVsbG8gKDIwMTgpIC0gI0ZGRkZGRkZGLnBkZgAAAAAAAAAAAAAAAAAAAAAAAAAAAAAAAAAAAAAAAAAA/////wAAAAAAAAAAAAAAAAAEAAQAAAogY3UAAAAAAAAAAAAAAAAACEphZ2llbGxvAAIApS86VXNlcnM6ZWxpc2FrcmVpc3M6RG9jdW1lbnRzOmJ1c2luZXNzOmxpYnJhcnk6ZmlsZXM6SmFnaWVsbG86SmFnaWVsbG8gKDIwMTgpIC0gQmFkIE5ld3MgSGFzIFdpbmdzIERyZWFkIFJpc2sgTWVkaWF0ZXMgU29jaWFsIEFtcGxpZmljYXRpb24gaW4gUmlzayBDb21tdW5pY2F0aW9uLnBkZgAADgDQAGcASgBhAGcAaQBlAGwAbABvACAAKAAyADAAMQA4ACkAIAAtACAAQgBhAGQAIABOAGUAdwBzACAASABhAHMAIABXAGkAbgBnAHMAIABEAHIAZQBhAGQAIABSAGkAcwBrACAATQBlAGQAaQBhAHQAZQBzACAAUwBvAGMAaQBhAGwAIABBAG0AcABsAGkAZgBpAGMAYQB0AGkAbwBuACAAaQBuACAAUgBpAHMAawAgAEMAbwBtAG0AdQBuAGkAYwBhAHQAaQBvAG4ALgBwAGQAZgAPABoADABNAGEAYwBpAG4AdABvAHMAaAAgAEgARAASAKNVc2Vycy9lbGlzYWtyZWlzcy9Eb2N1bWVudHMvYnVzaW5lc3MvbGlicmFyeS9maWxlcy9KYWdpZWxsby9KYWdpZWxsbyAoMjAxOCkgLSBCYWQgTmV3cyBIYXMgV2luZ3MgRHJlYWQgUmlzayBNZWRpYXRlcyBTb2NpYWwgQW1wbGlmaWNhdGlvbiBpbiBSaXNrIENvbW11bmljYXRpb24ucGRmAAATAAEvAAAVAAIAEv//AACABtIbHB0eWiRjbGFzc25hbWVYJGNsYXNzZXNdTlNNdXRhYmxlRGF0YaMdHyBWTlNEYXRhWE5TT2JqZWN00hscIiNcTlNEaWN0aW9uYXJ5oiIgXxAPTlNLZXllZEFyY2hpdmVy0SYnVHJvb3SAAQAIABEAGgAjAC0AMgA3AEAARgBNAFUAYABnAGoAbABuAHEAcwB1AHcAhACOARsBIAEoBCIEJAQpBDQEPQRLBE8EVgRfBGQEcQR0BIYEiQSOAAAAAAAAAgEAAAAAAAAAKAAAAAAAAAAAAAAAAAAABJA=}}

@article{Stubbersfield:2015,
	Author = {Stubbersfield, Joseph M and Tehrani, Jamshid J and Flynn, Emma G},
	Date-Added = {2019-01-29 18:14:51 +0000},
	Date-Modified = {2019-01-29 18:16:22 +0000},
	Journal = {British Journal of Psychology},
	Number = {2},
	Pages = {288--307},
	Publisher = {Wiley Online Library},
	Read = {0},
	Title = {Serial killers, spiders and cybersex: Social and survival information bias in the transmission of urban legends},
	Volume = {106},
	Year = {2015},
	Bdsk-File-1 = {YnBsaXN0MDDUAQIDBAUGJCVYJHZlcnNpb25YJG9iamVjdHNZJGFyY2hpdmVyVCR0b3ASAAGGoKgHCBMUFRYaIVUkbnVsbNMJCgsMDxJXTlMua2V5c1pOUy5vYmplY3RzViRjbGFzc6INDoACgAOiEBGABIAFgAdccmVsYXRpdmVQYXRoWWFsaWFzRGF0YV8QsS4uLy4uLy4uLy4uL2xpYnJhcnkvZmlsZXMvU3R1YmJlcnNmaWVsZC9TdHViYmVyc2ZpZWxkICgyMDE1KSAtIFNlcmlhbCBraWxsZXJzLCBzcGlkZXJzIGFuZCBjeWJlcnNleCBTb2NpYWwgYW5kIHN1cnZpdmFsIGluZm9ybWF0aW9uIGJpYXMgaW4gdGhlIHRyYW5zbWlzc2lvbiBvZiB1cmJhbiBsZWdlbmRzLnBkZtIXCxgZV05TLmRhdGFPEQOMAAAAAAOMAAIAAAxNYWNpbnRvc2ggSEQAAAAAAAAAAAAAAAAAAAAAAAAAQkQAAf////8fU3R1YmJlcnNmaWVsZCAoMjAxI0ZGRkZGRkZGLnBkZgAAAAAAAAAAAAAAAAAAAAAAAAAAAAAAAAAAAAAAAAAA/////wAAAAAAAAAAAAAAAAAEAAQAAAogY3UAAAAAAAAAAAAAAAAADVN0dWJiZXJzZmllbGQAAAIAzC86VXNlcnM6ZWxpc2FrcmVpc3M6RG9jdW1lbnRzOmJ1c2luZXNzOmxpYnJhcnk6ZmlsZXM6U3R1YmJlcnNmaWVsZDpTdHViYmVyc2ZpZWxkICgyMDE1KSAtIFNlcmlhbCBraWxsZXJzLCBzcGlkZXJzIGFuZCBjeWJlcnNleCBTb2NpYWwgYW5kIHN1cnZpdmFsIGluZm9ybWF0aW9uIGJpYXMgaW4gdGhlIHRyYW5zbWlzc2lvbiBvZiB1cmJhbiBsZWdlbmRzLnBkZgAOARQAiQBTAHQAdQBiAGIAZQByAHMAZgBpAGUAbABkACAAKAAyADAAMQA1ACkAIAAtACAAUwBlAHIAaQBhAGwAIABrAGkAbABsAGUAcgBzACwAIABzAHAAaQBkAGUAcgBzACAAYQBuAGQAIABjAHkAYgBlAHIAcwBlAHgAIABTAG8AYwBpAGEAbAAgAGEAbgBkACAAcwB1AHIAdgBpAHYAYQBsACAAaQBuAGYAbwByAG0AYQB0AGkAbwBuACAAYgBpAGEAcwAgAGkAbgAgAHQAaABlACAAdAByAGEAbgBzAG0AaQBzAHMAaQBvAG4AIABvAGYAIAB1AHIAYgBhAG4AIABsAGUAZwBlAG4AZABzAC4AcABkAGYADwAaAAwATQBhAGMAaQBuAHQAbwBzAGgAIABIAEQAEgDKVXNlcnMvZWxpc2FrcmVpc3MvRG9jdW1lbnRzL2J1c2luZXNzL2xpYnJhcnkvZmlsZXMvU3R1YmJlcnNmaWVsZC9TdHViYmVyc2ZpZWxkICgyMDE1KSAtIFNlcmlhbCBraWxsZXJzLCBzcGlkZXJzIGFuZCBjeWJlcnNleCBTb2NpYWwgYW5kIHN1cnZpdmFsIGluZm9ybWF0aW9uIGJpYXMgaW4gdGhlIHRyYW5zbWlzc2lvbiBvZiB1cmJhbiBsZWdlbmRzLnBkZgATAAEvAAAVAAIAEv//AACABtIbHB0eWiRjbGFzc25hbWVYJGNsYXNzZXNdTlNNdXRhYmxlRGF0YaMdHyBWTlNEYXRhWE5TT2JqZWN00hscIiNcTlNEaWN0aW9uYXJ5oiIgXxAPTlNLZXllZEFyY2hpdmVy0SYnVHJvb3SAAQAIABEAGgAjAC0AMgA3AEAARgBNAFUAYABnAGoAbABuAHEAcwB1AHcAhACOAUIBRwFPBN8E4QTmBPEE+gUIBQwFEwUcBSEFLgUxBUMFRgVLAAAAAAAAAgEAAAAAAAAAKAAAAAAAAAAAAAAAAAAABU0=}}

@article{Stubbersfield:2017,
	Author = {Stubbersfield, Joseph M and Tehrani, Jamshid J and Flynn, Emma G},
	Date-Added = {2019-01-29 18:14:51 +0000},
	Date-Modified = {2019-01-29 18:16:22 +0000},
	Journal = {Journal of Cognition and Culture},
	Number = {1-2},
	Pages = {12--26},
	Publisher = {Brill},
	Read = {0},
	Title = {Chicken Tumours and a Fishy Revenge: Evidence for Emotional Content Bias in the Cumulative Recall of Urban Legends},
	Volume = {17},
	Year = {2017},
	Bdsk-File-1 = {YnBsaXN0MDDUAQIDBAUGJCVYJHZlcnNpb25YJG9iamVjdHNZJGFyY2hpdmVyVCR0b3ASAAGGoKgHCBMUFRYaIVUkbnVsbNMJCgsMDxJXTlMua2V5c1pOUy5vYmplY3RzViRjbGFzc6INDoACgAOiEBGABIAFgAdccmVsYXRpdmVQYXRoWWFsaWFzRGF0YV8QtC4uLy4uLy4uLy4uL2xpYnJhcnkvZmlsZXMvU3R1YmJlcnNmaWVsZC9TdHViYmVyc2ZpZWxkICgyMDE3KSAtIENoaWNrZW4gVHVtb3VycyBhbmQgYSBGaXNoeSBSZXZlbmdlIEV2aWRlbmNlIGZvciBFbW90aW9uYWwgQ29udGVudCBCaWFzIGluIHRoZSBDdW11bGF0aXZlIFJlY2FsbCBvZiBVcmJhbiBMZWdlbmRzLnBkZtIXCxgZV05TLmRhdGFPEQOaAAAAAAOaAAIAAAxNYWNpbnRvc2ggSEQAAAAAAAAAAAAAAAAAAAAAAAAAQkQAAf////8fU3R1YmJlcnNmaWVsZCAoMjAxI0ZGRkZGRkZGLnBkZgAAAAAAAAAAAAAAAAAAAAAAAAAAAAAAAAAAAAAAAAAA/////wAAAAAAAAAAAAAAAAAEAAQAAAogY3UAAAAAAAAAAAAAAAAADVN0dWJiZXJzZmllbGQAAAIAzy86VXNlcnM6ZWxpc2FrcmVpc3M6RG9jdW1lbnRzOmJ1c2luZXNzOmxpYnJhcnk6ZmlsZXM6U3R1YmJlcnNmaWVsZDpTdHViYmVyc2ZpZWxkICgyMDE3KSAtIENoaWNrZW4gVHVtb3VycyBhbmQgYSBGaXNoeSBSZXZlbmdlIEV2aWRlbmNlIGZvciBFbW90aW9uYWwgQ29udGVudCBCaWFzIGluIHRoZSBDdW11bGF0aXZlIFJlY2FsbCBvZiBVcmJhbiBMZWdlbmRzLnBkZgAADgEaAIwAUwB0AHUAYgBiAGUAcgBzAGYAaQBlAGwAZAAgACgAMgAwADEANwApACAALQAgAEMAaABpAGMAawBlAG4AIABUAHUAbQBvAHUAcgBzACAAYQBuAGQAIABhACAARgBpAHMAaAB5ACAAUgBlAHYAZQBuAGcAZQAgAEUAdgBpAGQAZQBuAGMAZQAgAGYAbwByACAARQBtAG8AdABpAG8AbgBhAGwAIABDAG8AbgB0AGUAbgB0ACAAQgBpAGEAcwAgAGkAbgAgAHQAaABlACAAQwB1AG0AdQBsAGEAdABpAHYAZQAgAFIAZQBjAGEAbABsACAAbwBmACAAVQByAGIAYQBuACAATABlAGcAZQBuAGQAcwAuAHAAZABmAA8AGgAMAE0AYQBjAGkAbgB0AG8AcwBoACAASABEABIAzVVzZXJzL2VsaXNha3JlaXNzL0RvY3VtZW50cy9idXNpbmVzcy9saWJyYXJ5L2ZpbGVzL1N0dWJiZXJzZmllbGQvU3R1YmJlcnNmaWVsZCAoMjAxNykgLSBDaGlja2VuIFR1bW91cnMgYW5kIGEgRmlzaHkgUmV2ZW5nZSBFdmlkZW5jZSBmb3IgRW1vdGlvbmFsIENvbnRlbnQgQmlhcyBpbiB0aGUgQ3VtdWxhdGl2ZSBSZWNhbGwgb2YgVXJiYW4gTGVnZW5kcy5wZGYAABMAAS8AABUAAgAS//8AAIAG0hscHR5aJGNsYXNzbmFtZVgkY2xhc3Nlc11OU011dGFibGVEYXRhox0fIFZOU0RhdGFYTlNPYmplY3TSGxwiI1xOU0RpY3Rpb25hcnmiIiBfEA9OU0tleWVkQXJjaGl2ZXLRJidUcm9vdIABAAgAEQAaACMALQAyADcAQABGAE0AVQBgAGcAagBsAG4AcQBzAHUAdwCEAI4BRQFKAVIE8ATyBPcFAgULBRkFHQUkBS0FMgU/BUIFVAVXBVwAAAAAAAACAQAAAAAAAAAoAAAAAAAAAAAAAAAAAAAFXg==}}

@article{Degen2019,
	Abstract = {We present a new experimental paradigm for investigating lexical expressions that conveydifferent strengths of speaker commitment. Specifically, we compare different evidentialcontexts for using modal devices, epistemic discourse particles, and statements with noevidential markers at all, examining the extent to which listeners' interpretations ofcertain types of evidential words and their judgments about speaker commitment differ instrength. We also probe speakers' production preferences for these different devices undervarying evidential circumstances. The results of our experiments shed new light on dis-tinctions and controversies that play a key role in the current theoretical literature on thesemantics and pragmatics of modals and discourse particles. Our paradigm thus contrib-utes to a domain of experimental research on evidential expressions that is only just takingshape at the crossroads of theoretical semantics/pragmatics and psycholinguistics; weprovide a potential starting point for approaching theoretical debates on the nature ofmodal evidential expressions from an experimental and context-oriented perspective.},
	Author = {Degen, Judith and Trotzke, Andreas and Scontras, Gregory and Wittenberg, Eva and Goodman, Noah D},
	Issn = {0378-2166},
	Journal = {Journal of Pragmatics},
	Keywords = {discourse particles,english,evidentials,german,modals,psycholinguistics},
	Pages = {33--48},
	Publisher = {Elsevier Ltd},
	Title = {{Definitely, maybe: A new experimental paradigm for investigating the pragmatics of evidential devices across languages}},
	Volume = {140},
	Website = {papers/2019_DegenTrotzkeEtAl.pdf},
	Year = {2019}}
